2658 4806
654 325 920 377 ICHNEUMON

531 927 892 1003 SECTIO
962 927 1034 1004 IV.

445 1265 586 1328 Sontello
615 1265 850 1348 pailidenoteto
877 1277 937 1328 aut
958 1277 1024 1328 toto
1045 1257 1177 1346 pallido,·
1197 1245 1274 1314 atte-

447 1372 532 1432 mine
559 1370 665 1449 nigro,
694 1369 868 1449 segmentis
890 1370 1016 1431 ultimis
1032 1355 1212 1428 albonotatis.

321 1590 530 1666 Scutellum
551 1590 679 1665 album
700 1604 759 1665 est
776 1604 842 1665 aut
860 1591 1083 1676 flavescens,
1116 1573 1273 1658 interdum

242 1711 327 1788 solo
340 1711 447 1813 apice
461 1710 605 1814 pallido
633 1711 694 1808 (v.
710 1735 743 1783 c.
759 1708 799 1782 in
813 1709 952 1787 semina
973 1710 1082 1790 Iolen.
1098 1691 1273 1788 anatona).

241 1832 430 1908 rarissime
450 1846 572 1906 totum
591 1828 756 1931 nigrum,
785 1829 850 1929 (in
870 1834 1053 1909 varietate
1074 1821 1177 1902 maris
1189 1811 1272 1894 tcta.

239 1943 522 2050 saturatorii),
548 1973 624 2052 quo
645 1948 739 2026 haec
761 1949 880 2027 sectio
901 1950 941 2028 in
961 1957 1158 2031 sectionem
1171 1955 1274 2018 secut·

240 2074 333 2152 dom
354 2073 499 2149 transit.
557 2071 752 2169 Quaedam
771 2071 988 2165 varietates,
1017 2061 1204 2147 abdomine
1220 2049 1274 2127 tri·

238 2195 384 2283 colore,
413 2219 551 2294 nempe
564 2195 785 2270 solicotorii
798 2191 958 2270 varietas
975 2175 1274 2296 segmentistett

237 2313 538 2403 ruiomaculatia,
564 2319 841 2415 computatorii
855 2329 895 2389 et
908 2318 1095 2393 molitorii
1108 2300 1273 2384 variantes

239 2448 432 2532 segmento
452 2432 617 2508 secundo
639 2433 768 2522 badio,
796 2433 843 2508 ad
856 2441 1060 2512 sectionem
1083 2421 1272 2528 aspectant·

237 2552 346 2628 lehn.
366 2555 588 2630 solicotorii
614 2579 690 2629 var.
720 2552 930 2630 abdominis
953 2557 1063 2658 apice
1090 2539 1273 2625 concolora

236 2672 438 2774 segmentis
467 2683 493 2752 2
520 2685 605 2755 ets
632 2673 1056 2762 stramineomaculatis,
1095 2667 1139 2746 ad
1166 2657 1274 2741 sectio

233 2819 316 2868 nem
342 2791 542 2895 7propius
564 2793 722 2870 accedit.

314 2913 558 2993 Esectione1
575 2913 684 2992 letan.
701 2912 927 3019 rnfisrontis
941 2914 1111 3000 varietas,
1137 2890 1273 2982 scutella

232 3034 356 3124 badio,
386 3050 663 3136 segmentorum
688 3043 712 3113 6
728 3051 765 3112 et
780 3045 803 3114 7
819 3035 986 3138 margine
1002 3054 1144 3113 summo
1159 3012 1270 3098 albida.

231 3153 307 3230 huo
334 3168 496 3258 spectat3
533 3183 555 3232 e
577 3161 744 3233 sectione
772 3165 796 3236 3
820 3156 930 3235 Ichn.
958 3148 1218 3236 subsericontis
1243 3141 1271 3206 ⁰²

231 3276 413 3380 ociteopis
429 3276 592 3354 feminae
609 3291 802 3378 segmento
822 3285 846 3356 t
865 3277 1166 3356 subalbonotato.
