2698 4810
232 365 314 440 276
634 373 905 428 icuneuuou

226 543 440 626 admodum
465 539 593 617 laeves
621 553 725 630 sunt,
758 539 822 617 vel
851 539 992 616 sensim
1018 542 1239 649 'sensimque
1268 547 1312 625 in

238 667 336 746 serie
356 661 638 740 individuorum
660 675 990 754 transmutantur,
1003 677 1044 741 et
1058 667 1168 742 nullo
1188 671 1311 746 modo

229 787 471 863 characteres
491 780 740 884 suppeditare.
761 797 936 884 possunt,
964 782 1160 862 individua
1186 786 1311 890 hujus

236 905 380 1012 speciei
401 904 442 980 in
461 903 591 1006 plures
613 899 759 1004 species
781 903 995 1003 separandi
1018 945 1073 964 -
1097 910 1159 983 De
1180 909 1311 986 alfini.

233 1044 314 1105 tute
333 1024 448 1128 bujus
472 1022 615 1126 speciei
635 1033 724 1097 cum
748 1021 926 1124 plurimis
948 1023 1120 1126 proxime
1138 1051 1311 1130 sequen-

234 1151 349 1240 tium,
376 1142 549 1222 conleras
564 1156 693 1220 notam
706 1142 754 1218 ad
766 1141 1061 1224 [chaeremonem
1071 1151 1309 1248 gracilicor·

234 1297 318 1350 uem
336 1269 394 1371 (n.
408 1265 493 1368 98).

384 1689 387 1694 ,
519 1649 575 1714 90.
617 1635 644 1704 1.
667 1633 997 1710 CONFUSORIUS.

435 1810 621 1899 segmentis
641 1820 663 1882 2
681 1817 750 1882 οἰδ
770 1807 866 1890 rufis,
891 1807 983 1874 tibiis
1006 1807 1099 1876 llavis
1117 1812 1213 1898 apice
1234 1815 1298 1880 ob-

432 1934 546 1994 scuro,
569 1921 788 1976 antennarum
807 1909 932 1977 annulo
951 1908 1041 1981 albo.
1084 1911 1107 1982 f.

305 2123 475 2202 Statura
496 2134 536 2195 et
556 2117 757 2222 proportio
779 2118 944 2221 partium
964 2116 1187 2194 feminarum
1212 2149 1301 2226 spe.

228 2245 302 2323 ciei
324 2236 596 2347 praecedentis.
951 2235 953 2242 '

302 2357 524 2464 Longitudo
541 2361 642 2436 4-7
655 2355 852 2436 linearum.
895 2362 1026 2462 Caput
1037 2358 1156 2435 rarius
1170 2363 1301 2468 palpis

227 2501 267 2562 et
287 2479 515 2559 mandibulis
535 2477 646 2565 rufis;
679 2479 830 2581 saepius
858 2478 993 2555 orbitis
1016 2481 1214 2556 oculorum
1238 2485 1301 2560 in·

226 2608 345 2682 ternis
366 2599 592 2689 rubricosis,
619 2599 740 2675 rarius
759 2601 861 2676 rufis.
902 2601 1120 2678 'Antenuoe
1147 2603 1209 2677 vix
1237 2605 1300 2680 di-

226 2724 334 2801 midii
353 2720 522 2824 corporis
543 2705 801 2821 longitudine,
830 2721 938 2823 apice
962 2721 1173 2809 involutae,
1200 2725 1300 2798 arti-

223 2845 323 2923 culis
353 2848 512 2931 8-16,
546 2840 611 2917 vel
639 2863 769 2915 eorum
790 2840 983 2943 plurimis,
1018 2842 1132 2930 albis,
1160 2842 1299 2919 subtus

224 2967 316 3045 rufis
356 2977 422 3040 aut
459 2958 589 3035 fuscis.
657 2960 828 3036 Thorax
865 2960 1066 3063 gibbulus,
1104 2961 1300 3042 rarissime

224 3100 369 3192 puncto
390 3080 478 3159 albo
499 3077 705 3198 inlraalas.
757 3080 975 3159 scutellum
996 3081 1135 3160 album.
1188 3085 1301 3162 Aloe

222 3203 562 3308 silaceobyalinae,
602 3199 776 3305 stigmate
807 3201 894 3277 rufo
920 3217 987 3278 ant
1017 3203 1297 3296 dilutecroceo,

221 3329 329 3402 radio
350 3341 390 3404 et
409 3325 537 3401 radice
558 3321 648 3396 rufis
670 3337 736 3396 aut
749 3320 884 3413 luscis,
913 3325 1108 3426 squamula
1129 3321 1212 3398 rusa
1227 3341 1298 3400 aut

220 3444 434 3544 ferruginea
456 3460 522 3520 aut
541 3442 657 3532 lusca,
685 3441 812 3518 areola
826 3439 1178 3545 quinqueangulari.
1220 3443 1298 3522 Pe-

219 3563 289 3644 des
308 3563 515 3641 femoribus
538 3561 673 3639 enticis
694 3562 886 3638 rarissime
901 3563 993 3637 totis
1010 3564 1118 3653 rufis,
1145 3577 1295 3663 puncto

220 3684 330 3760 lusco
349 3685 480 3776 basoli,
508 3685 735 3789 plerumque
757 3682 874 3786 nigris
897 3669 1006 3784 apice
1029 3681 1125 3772 rulo,
1153 3683 1293 3758 mediis

219 3803 336 3907 nigris
367 3803 477 3906 apice
504 3805 608 3895 rul0,
652 3804 811 3906 posticis
840 3804 957 3904 nigris
984 3803 1174 3879 interdum
1207 3802 1291 3880 basi

217 3923 320 4014 rula3
341 3921 447 4000 tibiis
462 3924 597 4000 enticis
612 3924 798 4000 flevisset
814 3923 962 4008 albidis,
990 3923 1099 4027 spice
1115 3937 1154 3998 et
1168 3922 1291 4000 latere

216 4045 370 4124 interno
384 4045 473 4122 rufis
489 4058 556 4120 aut
569 4043 847 4134 dilutecroceis,
864 4044 999 4121 mediis
1013 4042 1131 4131 flavis,
1154 4043 1288 4118 subtus

216 4167 308 4244 rufis
321 4157 388 4244 aut
400 4165 524 4244 dilute
545 4163 703 4254 croceis,
730 4164 841 4268 apice
853 4163 939 4245 rufo
954 4179 1020 4245 aut
1036 4163 1288 4252 lassescente,
