2698 4810
216 346 294 424 342
614 359 886 420 scursonem

217 553 331 633 quam
345 525 386 604 in
400 524 558 628 reliquis
575 523 792 630 deceptoris
805 523 1023 620 individuis,
1044 526 1169 606 minus
1184 530 1290 610 latae

218 663 352 726 autem·
367 673 479 750 quam
498 645 819 747 incingulatorio.
872 647 983 727 lehn.
1001 656 1291 752 cingulutorius

216 767 368 844 Thunb.
385 765 579 843 Ichneum.
592 773 643 850 64
664 767 766 846 haud
785 795 871 846 cum
885 769 957 846 hac
974 773 1102 876 specie
1121 774 1290 852 confun-

217 888 363 966 dendus
385 901 455 966 est.

546 1272 618 1338 129.
660 1263 690 1333 1.
711 1263 958 1334 MILITARIS.

417 1433 602 1520 Segmentis
624 1445 646 1506 2
668 1445 702 1501 et
721 1446 742 1509 3
762 1437 855 1502 rufis.
876 1458 922 1503 m.
940 1431 966 1503 f.
988 1435 1139 1526 (semina
1162 1445 1279 1502 aukn-

414 1555 535 1600 narum
556 1533 681 1602 annulo
703 1535 810 1622 albo).

291 1741 461 1818 Statura
476 1755 516 1818 et
529 1743 729 1844 proportio
748 1743 912 1848 partium
928 1741 1035 1822 lehn.
1051 1741 1285 1846 deceptoris,

215 1860 401 1965 imprimis
417 1865 700 1941 individuorum
722 1867 803 1968 ejus
826 1864 998 1940 antennis
1019 1863 1282 1942 crassioribus.

214 1983 371 2059 Femina
399 1983 530 2062 differt
556 2013 578 2061 a
605 2011 708 2064 mare
735 2001 877 2062 statura
908 1985 1147 2092 pedibusque
1180 2008 1285 2058 cras·

213 2103 389 2181 sioribus.

289 2223 854 2326 Longitudoseredlinearum.
897 2222 1283 2303 Antennoefeminae

213 2345 383 2421 articulis
402 2354 565 2425 10-14
582 2373 692 2450 supra
706 2363 745 2424 et
759 2345 940 2424 lateribus
963 2345 1070 2420 albis.
1125 2344 1284 2423 Scutel·

211 2469 291 2546 tum
305 2466 443 2541 album.
497 2470 602 2546 Aloe
616 2465 1026 2568 subsumatohyalinae3
1052 2464 1166 2539 maris
1188 2466 1283 2566 stig-

211 2595 311 2659 mate
325 2586 430 2662 radio
445 2586 571 2662 radice
586 2603 626 2664 et
641 2589 836 2690 squamula
852 2588 986 2688 nigris,
1014 2586 1154 2661 cellula
1171 2585 1281 2661 cubi-

211 2704 279 2779 tali
300 2704 523 2781 intermedia
545 2707 976 2811 subquinqueangulari3
1002 2705 1165 2782 feminae
1186 2707 1281 2809 stig-

211 2840 312 2901 mate
340 2842 379 2904 ct
405 2827 532 2904 radice
558 2828 694 2930 piceis,
728 2828 832 2906 radio
859 2843 899 2903 et
924 2827 1121 2930 squamula
1147 2825 1278 2918 fuscis,

210 2946 337 3022 areola
372 2947 725 3051 quinqueangulari.
786 2948 910 3026 Pedes
942 2948 1057 3023 antici
1090 2947 1278 3024 femorum

210 3093 358 3142 summo
372 3068 479 3169 apice
496 3083 534 3144 et
550 3067 729 3147 tibiarum
745 3071 863 3146 latere
879 3068 1030 3145 interno
1045 3067 1277 3159 stramineis;

209 3189 326 3266 medii
341 3188 445 3263 tibiis
461 3188 558 3263 intra
573 3185 920 3290 suscoserrugineis.
974 3187 1179 3267 Abdomen
1194 3215 1279 3292 seg-

209 3307 347 3383 mentis
368 3319 393 3387 Ξ
414 3321 452 3383 et
473 3319 497 3387 3
520 3308 627 3395 rufis3
655 3306 768 3382 maris
795 3324 990 3411 segmento
1012 3319 1036 3389 6
1061 3310 1276 3412 margine?

208 3435 293 3502 toto
316 3428 423 3520 albo,
449 3427 614 3504 feminae
636 3428 841 3529 segmentis
863 3436 887 3508 6
908 3444 947 3506 et
969 3438 993 3507 7
1015 3430 1164 3506 macula
1187 3430 1276 3505 dor-

209 3547 279 3624 sali
301 3549 397 3624 alba.

284 3669 430 3746 Marem
464 3684 505 3747 et
534 3667 732 3761 feminam,
763 3669 1084 3774 pedemontanae,
1121 3669 1274 3750 Bonellr'

207 3788 427 3866 transmisit.

599 4013 878 4116 Synonymas

206 4148 313 4228 chn.
331 4153 515 4230 militaris
530 4149 722 4232 Gravenh,
742 4151 890 4229 Pedem.
911 4181 945 4227 n.
964 4157 1025 4232 4³.
