2698 4810
209 261 290 336 322·
565 301 568 312 ·
611 255 879 326 rannautmx
925 263 931 270 '

467 435 470 442 ¹
552 445 555 454 '
686 429 804 518 Mas:

224 679 226 684 Ι
289 581 459 658 Statura
473 576 647 668 laminae,
670 577 734 651 sed
751 574 924 652 antennis
941 574 1178 678 longioribus
1191 603 1283 680 por-

214 701 348 791 rectis,
391 697 550 802 pedibus
577 695 854 800 gracilioribus.
883 737 934 752 —
960 695 1033 769 llic
1059 723 1137 771 mas
1165 699 1282 772 etiam

213 847 335 926 prope
352 817 500 896 accedit
514 817 559 894 ad
574 817 683 896 Icltn.
701 823 890 905 iocorum,
916 816 1089 892 antennis
1102 817 1286 952 pedibus.

213 969 289 1045 qne
305 969 391 1018 cum
411 964 457 1016 eo
472 962 701 1040 congruens,
729 936 794 1012 sed
807 937 1008 1012 abdomine
1022 937 1140 1038 magis
1158 939 1284 1040 cylin-

212 1061 338 1150 drico,
373 1073 568 1161 segmento
601 1067 620 1136 1
648 1056 884 1158 angustiore,
919 1057 1168 1206 segmentis6
1195 1069 1283 1138 etl

215 1179 481 1280 alboguttatis,
512 1176 654 1254 differt.

221 1295 516 1400 Longitudo
543 1305 568 1378 6
593 1297 794 1374 linearum.
861 1297 1086 1401 eupatore
1117 1312 1158 1374 et
1184 1297 1285 1378 lacie

213 1346 452 1509 cereollavis,
486 1416 672 1494 hacinlra
699 1429 879 1492 antennas
909 1415 1026 1518 nigra.
1079 1419 1283 1496 Antennue

212 1552 421 1644 porrectae,
450 1551 631 1628 setaceae,
654 1560 815 1640 corpore
827 1535 986 1611 dimidio
1001 1539 1117 1638 paulo
1131 1539 1286 1643 longio-

214 1685 294 1750 res,
322 1659 484 1736 articulo
514 1667 534 1738 1
557 1659 688 1734 subtus
714 1659 936 1733 cercollavo.
997 1655 1167 1736 Thorax
1193 1663 1287 1736 sub-

211 1778 460 1881 cylindricus,
496 1779 638 1856 lineola
659 1777 844 1854 albollnva
867 1775 964 1852 inlra
986 1777 1075 1854 alas.
1126 1780 1287 1860 Scutel·

213 1903 294 1978 lum
326 1899 563 1976 alboflavum.
623 1900 728 1977 Aloe
747 1895 1155 1997 sublumatohyalinae,
1191 1903 1288 2004 stig-

213 2037 314 2096 mate
336 2020 463 2108 lnlvo,
490 2017 596 2093 radio
613 2033 654 2094 et
671 2016 799 2094 radice
812 2021 916 2107 rufis,
945 2017 1140 2121 squamula
1160 2018 1288 2098 serru-

213 2141 322 2246 ginca
350 2139 431 2215 basi
456 2137 574 2213 lusca.
643 2138 765 2216 Pedes
791 2139 1038 2242 subgracilcs3
1072 2139 1286 2218 anteriores

213 2262 302 2350 ruli,
338 2259 442 2336 coxis
471 2272 511 2333 et
536 2256 861 2346 trochanteribus‚
892 2286 961 2334 nec
992 2284 1067 2334 non
1094 2259 1286 2337 lemorum

212 2382 332 2457 latere
351 2403 521 2454 convexo
542 2375 651 2453 basin
672 2405 820 2468 versus,
843 2379 978 2480 nigris;
1006 2378 1284 2483 porticinigri,

212 2500 317 2575 tibiis
337 2499 428 2574 culis
448 2496 556 2600 apice
575 2499 694 2600 nigro,
715 2499 826 2576 tarsis
847 2502 955 2590 rufis,
972 2499 1144 2575 articulis
1165 2505 1283 2580 2-5

212 2639 324 2721 supra
366 2617 653 2718 nigricantibus.
729 2618 933 2699 Abdomen
970 2622 1087 2724 paulo
1127 2619 1282 2722 longius

213 2763 327 2840 quam
348 2737 387 2812 in
400 2736 552 2829 lcmina,
581 2739 783 2840 segmentis
798 2743 901 2818 2-5
916 2739 1136 2844 aequilatis3
1161 2747 1243 2818 2et
1258 2749 1284 2819 3

213 2859 323 2940 rulist
359 2865 383 2935 6
404 2874 548 2963 puncto
570 2859 712 2934 dorsali
735 2859 952 2961 marginali,
980 2871 1005 2942 7
1025 2859 1173 2937 naucula
1193 2859 1284 2934 dor·

213 2979 302 3070 sali,
336 2977 447 3056 albis.

287 3099 451 3176 Unicum
473 3097 586 3175 maris
611 3096 849 3178 individuum
878 3098 1107 3204 Sahlberge
1134 3095 1282 3175 Fennis

210 3220 431 3298 transmisit.
