2698 4802
229 353 279 427 st
593 369 672 420 rur.
703 365 929 422 aaronita.

230 537 369 614 domen
381 531 576 639 plerisque
590 545 648 609 est
664 533 727 610 vel
740 531 1002 635 cylindricum,
1029 531 1091 608 vel
1107 521 1307 634 elongato-¹

232 663 386 736 ovatum
408 671 477 731 aut
488 653 695 744 lusilorme,
723 655 785 729 vel
801 655 888 756 plus
903 651 1025 727 minus
1042 677 1306 756 compressum

234 781 343 882 apice
368 777 593 880 plerumque
617 789 811 864 truncato,
846 773 931 849 aliis
960 773 1205 848 subconicum
1238 801 1306 850 sen

235 899 382 1002 apicem
398 923 526 973 versus
548 895 684 969 sensim
703 910 957 996 angustatum,
986 908 1051 966 aut
1070 893 1307 995 depressum,

233 1018 362 1122 paucis
377 1017 521 1091 lineare
540 1028 606 1088 aut
618 1013 1051 1115 depresso-orbiculare.
1105 1011 1309 1086 Relatione

234 1139 281 1212 ad
308 1135 619 1238 conjunctionem
642 1159 726 1207 cum
749 1133 922 1223 thorace,
956 1134 1140 1208 abdomen
1161 1147 1219 1206 est
1242 1131 1306 1206 rel

235 1257 384 1344 sessile,
412 1254 475 1330 vel
498 1249 701 1326 subsessile
723 1265 788 1326 aut
809 1253 1125 1355 subpetiolatum,
1152 1252 1215 1326 vel
1236 1276 1305 1354 pe·

234 1376 430 1462 tiolatum,
464 1371 511 1446 de
538 1393 614 1472 quo
643 1369 815 1446 conferre
842 1372 937 1448 velis
964 1398 1061 1474 quae
1086 1370 1200 1460 infra,
1236 1369 1305 1446 ubi

234 1494 282 1569 de
303 1503 496 1594 segmento
519 1490 644 1592 primo
671 1507 818 1592 agetur,
853 1491 1054 1592 proferam.
1108 1490 1307 1567 Abdomeu

235 1612 436 1715 segmentis
452 1625 596 1714 septem
614 1623 678 1685 aut
692 1626 780 1684 octo
795 1612 1050 1713 compositum
1065 1625 1139 1697 est3
1167 1624 1311 1686 octauo

236 1731 381 1833 spurio,
409 1733 495 1835 plus
517 1731 641 1806 minus
662 1731 901 1819 abscondito,
931 1758 1043 1834 saepe
1064 1731 1178 1833 plane
1192 1731 1312 1805 obso-

235 1853 327 1926 lcto.
382 1852 607 1952 Segmenta,
642 1850 764 1924 forma
783 1866 822 1924 et
843 1852 1119 1952 magnitudine,
1145 1873 1313 1951 respou-

235 1969 326 2047 dcnt
344 1971 488 2048 formae
507 1987 546 2047 et
566 1968 815 2073 magnitudini
837 1969 1048 2046 abdominis
1065 1970 1202 2073 ipsius;
1231 1968 1313 2045 boc

236 2119 373 2195 nempe
396 2092 572 2170 breviore
593 2108 632 2168 et
651 2090 806 2180 latiore,
842 2089 908 2162 illa
929 2117 1081 2193 quoque
1101 2090 1177 2164 lata
1198 2105 1313 2180 sunt3

235 2212 435 2289 abdomine
462 2212 635 2313 longiore
664 2224 702 2284 et
734 2207 951 2310 graciliore,
994 2224 1183 2313 segmenta
1217 2225 1315 2285 sunt

234 2330 437 2404 latitudine
469 2330 642 2431 longiora
677 2343 716 2402 et
741 2327 965 2428 cylindrica,
1000 2355 1066 2404 seu
1100 2328 1315 2410 latitudine

237 2448 506 2548 longitudinis,
535 2449 559 2523 i.
583 2475 613 2526 e.
632 2448 828 2550 quadrata3
857 2447 1057 2522 abdomine
1071 2465 1192 2537 ovato,
1223 2475 1316 2554 seg-

236 2583 363 2642 menta
383 2568 570 2643 anteriora
593 2569 740 2671 apicem
760 2594 889 2643 versus
921 2568 1059 2643 sensim
1086 2567 1315 2659 dilatantur,

223 2687 446 2789 'posteriora
462 2704 587 2764 autem
603 2687 749 2790 apicem
770 2713 899 2765 versus
919 2703 1153 2764 coercentur.
1209 2689 1320 2785 Qui-

236 2806 393 2881 busdam
412 2808 563 2884 leminis
588 2837 683 2913 apex
707 2808 918 2884 abdominis
941 2810 1153 2912 appendice
1172 2810 1320 2886 biarti-

236 2928 371 3016 culata,
388 2955 454 3004 seu
470 2929 672 3031 segmentis
686 2932 833 3005 duobus
849 2929 1068 3004 accessoriis
1085 2929 1317 3030 (dequibus

235 3049 407 3124 conseras
428 3050 579 3150 quaein
600 3048 639 3141 §.
665 3050 749 3128 9de
770 3049 1000 3151 genitalibus
1022 3048 1184 3124 feminae
1200 3075 1319 3126 com-

231 3169 493 3267 memorabo),
528 3182 660 3243 auctus
688 3183 755 3244 est.
811 3169 928 3241 Prout
958 3184 1084 3244 autem
1113 3187 1320 3269 segmenta

234 3287 368 3363 ultima
390 3288 596 3390 perfectius
612 3301 677 3362 aut
691 3284 951 3387 imperfectius
966 3288 1108 3374 eflicta,
1135 3313 1202 3362 seu
1217 3291 1319 3389 plus

233 3405 404 3480 minusve
418 3406 647 3493 abscondita,
671 3418 769 3492 sunt,
790 3422 961 3484 auctores
978 3432 1130 3510 quoque
1146 3435 1321 3486 numero

232 3547 364 3599 eorum
394 3521 560 3597 indicato
579 3523 780 3598 differunt:
814 3526 1027 3601 Secundum
1048 3525 1324 3607 Audouiuiunn

232 3643 417 3718 abdomen
438 3642 798 3743 hymenopterorum
829 3670 851 3720 e
875 3646 1078 3747 segmentis
1100 3661 1190 3720 octo
1212 3671 1327 3725 con-

230 3763 360 3836 flatum
382 3777 456 3850 est,
484 3775 595 3863 putat
616 3763 733 3852 enim,
762 3781 912 3866 praeter
933 3779 1123 3866 segmenta
1144 3782 1327 3868 septem,

229 3883 346 3982 vulgo
370 3899 541 3985 accepta,
570 3884 733 3987 primum
758 3911 906 3987 semper
930 3886 1063 3963 intime
1083 3912 1169 3960 cum
1186 3905 1330 3964 meta-

228 4002 384 4079 tborace
405 4021 608 4081 connatum
630 4031 731 4094 esse,
766 4005 946 4110 ideoque,
976 4008 1006 4081 si
1032 4005 1221 4080 abdomen
1240 4035 1334 4111 pe..

226 4122 404 4200 tiolatum
422 4123 481 4211 sit,
511 4123 609 4197 band
627 4139 860 4226 segmentum
877 4127 1057 4227 primum,
1087 4125 1152 4199 sed
1169 4149 1337 4205 secun.
