2698 4802
256 335 307 409 80
688 352 737 404 vr.
767 351 886 404 anan.

256 519 367 609 bent3
408 509 682 619 oonjunotione
714 513 875 594 ulteriua
915 516 1150 611 continuata,
1194 523 1343 625 partes

257 639 424 741 apioalea
463 633 660 712 amborum
700 631 901 714 nervorum
938 635 992 714 ita
1025 639 1254 718 coalescunt
1293 659 1342 720 ut

257 759 365 864 quasi
379 757 568 861 petiolum
582 754 796 846 exhibeant,
814 782 892 859 quo
905 759 1032 834 areol‘a
1046 761 1127 861 ipsa
1141 785 1340 864 suspensa

257 907 340 958 ease
355 879 515 966 videtur,
538 902 635 978 quae
650 903 748 950 nuno
761 881 951 979 petiolotu
966 881 1047 981 (fig.
1068 882 1136 979 15)
1152 883 1339 958 nomina-

256 1015 338 1088 tum
371 991 478 1101 patet
503 1011 645 1084 autem,
673 995 945 1096 conjunctione
973 999 1124 1100 longius
1153 999 1338 1104 longine-

256 1147 332 1225 que
357 1119 595 1205 continuata,
628 1114 793 1190 areolam
827 1116 947 1219 ipsam
978 1118 1130 1194 tandem
1164 1147 1333 1223 prorsus

256 1265 482 1320 evanescere
508 1237 657 1314 debere.
711 1230 848 1314 Areola
873 1239 927 1314 ita
946 1238 1085 1314 sensim
1112 1259 1328 1341 angustata,

257 1360 364 1438 nervi
390 1358 566 1434 laterales
593 1357 747 1460 quidem
774 1357 855 1434 basi
881 1382 1054 1463 quoqne,
1082 1357 1225 1449 idest,
1258 1363 1332 1438 nbi

258 1481 417 1560 oellulaa
445 1476 670 1555 diacoidalea
705 1478 911 1580 attingunt,
946 1476 1085 1552 sensim
1115 1479 1332 1582 adpropin-

256 1617 391 1706 quant,
420 1623 610 1701 nunquam
631 1623 722 1673 vero
744 1623 765 1672 a
787 1597 866 1673 basi
887 1597 969 1699 ipsa
987 1595 1211 1697 conjunctio
1225 1602 1336 1679 iuci-

255 1721 333 1824 pit,
367 1718 532 1820 indeque
565 1744 756 1818 nunquam
791 1716 978 1820 petiolum
1009 1719 1159 1794 areolae
1184 1747 1208 1794 e
1240 1721 1330 1798 basi

257 1837 371 1942 hujus
385 1838 588 1941 provenire
602 1837 765 1926 videbis,
793 1838 859 1912 sed
873 1861 1022 1938 semper
1039 1864 1084 1912 ex
1099 1837 1181 1938 ejus
1195 1842 1329 1942 apice.

257 1960 313 2048 Si,
341 1983 499 2034 numero
529 1956 713 2046 secundo,
751 1982 952 2032 nervorum
977 1957 1194 2033 lateralium
1226 1989 1332 2040 unus

257 2080 418 2168 alterve,
460 2080 686 2180 plerumque
719 2077 902 2164 exterior,
941 2076 1079 2151 sensim
1113 2085 1330 2174 evanescit,

255 2200 412 2302 vestigia
433 2198 516 2300 ejus
537 2198 576 2271 in
597 2197 811 2271 membrana
825 2194 977 2296 hyalina
997 2197 1079 2273 alae
1092 2200 1178 2299 pluo
1193 2202 1332 2281 minus

256 2321 460 2421 conspicua
475 2343 555 2392 esse
569 2317 709 2404 solent,
736 2329 811 2402 aut,
836 2317 1006 2418 vestigiis
1022 2316 1104 2417 ejus
1121 2317 1240 2419 plane
1257 2325 1332 2398 ob-

255 2439 434 2526 literatis,
463 2436 621 2537 angulus
637 2433 810 2522 obtusus,
837 2435 877 2508 in
899 2461 1015 2511 nervo
1037 2437 1221 2514 inferiore
1245 2445 1332 2520 cel·

254 2559 360 2636 lulae
378 2571 571 2644 externae,
600 2578 720 2656 prope
743 2552 850 2654 juxta
872 2556 1048 2631 cellulam
1070 2557 1331 2640 discoidalem

254 2677 533 2765 intermediam,
560 2675 688 2749 locum
714 2675 875 2777 prodere
905 2677 1022 2766 solet,
1052 2676 1150 2752 unde
1179 2705 1331 2760 nervus

254 2801 326 2876 ille
365 2798 554 2874 extinctus
588 2795 798 2886 oriebatur,
840 2822 872 2870 e.
909 2820 943 2896 g.
987 2798 1028 2871 in
1062 2797 1331 2880 Hemitelibus

256 2921 338 3022 (fig.
360 2920 439 3017 16).
470 2918 588 3017 Saepe
602 2928 727 2990 autem
741 2914 889 2988 nullum
904 2913 1118 3016 vestigium,
1134 2942 1208 2992 neo
1224 2947 1333 3024 qno-

254 3037 501 3145 queangulus
518 3029 606 3124 iste,
634 3049 818 3137 superest.
874 3035 1079 3124 Interdum,
1107 3037 1334 3121 locoareo-

252 3161 328 3250 lae,
356 3173 539 3262 punctum
556 3154 790 3257 conspicitur
804 3151 1107 3253 nigro-luscum,
1134 3179 1331 3240 corneum

254 3282 336 3381 (fig.
357 3280 424 3379 19)
439 3277 541 3378 quod
555 3275 614 3351 vel
629 3303 650 3350 e
663 3272 924 3349 contractione
938 3275 1087 3351 areolae
1099 3274 1233 3366 totius,
1260 3283 1330 3362 vel

252 3425 274 3472 e
296 3398 555 3471 contractione
583 3393 687 3468 nervi
714 3391 915 3492 simplicis,
943 3394 1121 3470 cellulam
1150 3404 1334 3478 exterio-

252 3543 332 3594 rem
355 3515 401 3587 ab
421 3513 602 3587 interiore
629 3510 877 3612 sejungentis,
904 3530 1030 3589 ortum
1046 3541 1130 3592 esse
1149 3517 1329 3602 videtur.

253 3639 331 3710 Hac
357 3633 635 3720 contractione,
664 3655 775 3732 quam
803 3659 938 3709 nervus
965 3635 1124 3712 inferior
1151 3639 1332 3722 cellulae

252 3755 422 3842 radialis,
450 3769 489 3829 et
509 3751 682 3854 superior
702 3752 866 3828 cellulae
892 3755 1111 3828 diacoidalis
1137 3771 1332 3840 externae

252 3873 563 3960 etintermediae,
591 3874 709 3948 secuti
727 3889 823 3962 suut,
851 3871 1075 3963 factumest,
1104 3889 1157 3961 ut,
1189 3877 1230 3952 in
1250 3882 1331 3960 illo

250 4010 411 4099 puncto,
438 3993 579 4069 cellula
591 3993 742 4066 radialis
757 4019 842 4066 cum
856 3993 1008 4068 cellulis
1030 3993 1113 4067 istis
1127 3994 1335 4080 discoida.

251 4115 353 4193 libus
371 4114 451 4192 fere
470 4113 511 4188 in
532 4105 749 4188 contactum
770 4111 954 4188 venerint.
1009 4113 1145 4190 Areola
1161 4141 1333 4200 nereum
