2698 4810
246 318 325 394 262
648 331 917 384 ronnauuon

325 499 370 602 g)
395 495 529 600 Niger3
561 496 742 587 seutello,
768 496 914 573 lineola
942 510 1031 586 ante
1052 497 1149 590 alas,
1175 499 1319 578 altera·

248 645 325 723 que
353 617 452 696 infra
475 617 572 707 alas,
604 617 719 706 albis3
753 616 858 692 tibiis
884 618 1138 696 anterioribus
1168 620 1318 722 pallide

248 738 487 827 testudineis,
502 736 687 814 lateribus
701 735 912 812 abdominis
927 736 1237 816 subtestudinais.
1267 781 1318 798 -

250 859 400 935 Citatur
422 858 531 936 Ickn.
558 857 769 935 adiutorius
795 859 920 933 Austr.
953 885 989 932 n.
1013 866 1108 947 709,
1135 872 1175 934 et
1200 858 1314 936 Linn.

249 980 368 1057 Faun.
388 1008 423 1054 n.
452 981 568 1066 1596;
593 977 730 1052 dubito
756 992 903 1068 autem,
929 1005 1019 1054 num
1037 977 1148 1077 Ichfln.
1168 977 1317 1056 edicto-

248 1107 331 1177 rius
357 1098 467 1175 Linn.
497 1096 573 1174 huo
607 1096 740 1184 referri
773 1096 912 1199 possit,
948 1095 1177 1172 describitur
1210 1099 1313 1174 enim

249 1218 384 1296 »tibiis
412 1217 607 1308 omnibus,
637 1216 693 1293 uti
715 1231 755 1294 et
775 1214 912 1318 palmis
929 1216 969 1291 in
988 1215 1122 1318 primis
1142 1216 1310 1318 pedibus,

248 1337 423 1428 salbis,«
470 1337 610 1413 coloris
649 1334 856 1412 testudinei
897 1335 1061 1410 laterum
1101 1335 1305 1411 abdominis

247 1471 374 1534 autem
401 1457 508 1532 nulla
534 1459 579 1533 fit
605 1455 761 1532 mentio.

324 1574 370 1678 h)
397 1577 532 1678 Niger3
556 1574 730 1652 antennis
753 1589 793 1652 et
813 1572 968 1652 thorace
983 1574 1120 1677 nigris,
1148 1575 1310 1652 scutello

247 1693 354 1785 alho;
392 1695 552 1798 pedibus
586 1695 828 1796 ferrugineis,
863 1694 967 1769 tibiis
999 1692 1158 1795 posticis
1194 1695 1307 1798 nigris

247 1815 389 1890 annulo
416 1816 515 1892 albo.
571 1815 731 1914 (Noster
748 1813 983 1890 Ichneumon
1010 1818 1275 1916 vespertinus).

322 1936 364 2035 i)
404 1937 524 2011 Totus
550 1935 675 2037 niger,
709 1933 874 2010 scutello
901 1934 1027 2036 nigro;
1061 1948 1309 2010 antennarum

244 2052 500 2158 tibiarumque
520 2056 661 2130 annulo
683 2051 784 2128 albo.
840 2053 1003 2155 (Forsan
1027 2051 1170 2129 femina
1191 2053 1310 2131 nostri

244 2175 515 2254 Ichnaumonis
530 2173 807 2278 pollisrontis).

499 2481 635 2556 Nota:

323 2648 419 2724 Cum
436 2648 530 2726 haec
544 2650 690 2754 species
704 2663 744 2727 et
756 2647 950 2728 Ichneuna.
968 2647 1311 2750 confusorius,tam

245 2779 387 2842 statura
413 2784 453 2844 et
480 2771 728 2873 proportione
761 2769 943 2870 partium,
977 2794 1089 2869 quam
1114 2773 1248 2851 colore
1273 2787 1313 2850 et

244 2886 405 2989 picturis
427 2890 617 2993 (exceptis
635 2889 837 2991 segmentis
850 2899 876 2966 2
889 2904 928 2964 et
941 2889 1005 2989 3),
1033 2889 1189 2966 omnino
1209 2893 1311 2969 inter

243 3033 284 3084 se
303 3023 530 3111 congruant,
557 3009 599 3083 in
623 3024 781 3110 utraque
808 3007 935 3110 specie
958 3024 1084 3084 autem
1112 3009 1313 3089 individua

243 3145 444 3205 occurrant
467 3129 669 3231 segmentis
682 3139 708 3208 2
723 3139 800 3210 eto
817 3128 930 3204 tuscis
943 3142 982 3203 et
1002 3128 1312 3222 suscooastanais,

243 3275 341 3350 quae
355 3275 444 3352 ergo
457 3249 623 3325 medium
637 3265 769 3326 tenent
790 3249 890 3324 inter
914 3251 1151 3326 molitorium
1166 3266 1206 3326 et
1222 3280 1315 3330 con-

233 3370 455 3470 susorium,
482 3370 522 3446 in
547 3396 594 3446 eo
622 3395 725 3446 eram
753 3382 796 3444 ut
820 3368 945 3444 ambas
966 3369 1111 3471 species
1134 3368 1174 3444 in
1195 3399 1313 3447 unam

241 3485 541 3588 conjunxissem3
557 3489 621 3566 sed
634 3488 956 3566 decolorationem
973 3491 1080 3566 illam
1093 3507 1314 3590 segmento·

241 3630 324 3681 rum
339 3609 453 3686 statui
469 3610 616 3686 cuidam
631 3609 819 3699 morboso,
847 3625 886 3686 et
900 3610 1149 3687 elaborationi
1165 3609 1311 3713 impar-

239 3725 363 3804 feotae
377 3727 577 3805 humorum
592 3730 861 3820 colorantium,
888 3730 1077 3832 imputare
1091 3730 1209 3821 malo,
1238 3730 1308 3832 qui

238 3860 365 3926 autem
385 3848 495 3924 nullo
515 3850 628 3926 modo
651 3850 817 3927 rationes
839 3853 1021 3952 praebere
1041 3863 1201 3953 possunt
1219 3875 1311 3951 spe-

238 3964 316 4044 cies
329 3967 420 4046 duas
435 3967 476 4042 in
494 3995 605 4045 unam
616 3969 883 4073 conjungendi.
940 3967 1122 4044 Conseras
1137 3984 1308 4045 attamen

237 4089 394 4188 quaein
416 4104 503 4166 nota
525 4089 570 4164 ad
592 4091 784 4169 Ichneum.
803 4094 1100 4192 graciticornem
1122 4088 1301 4168 monebo·
