2706 4810
272 301 349 382 698
639 309 961 364 surrnsueurn

221 517 227 524 ·
271 507 384 587 quam
418 476 522 582 quod
554 475 750 556 character
781 473 1025 552 distinctivus
1063 475 1206 578 speciei
1241 475 1319 551 inde

270 599 416 682 desumi
426 612 568 700 posset.
577 639 629 658 ·-
643 599 736 676 Oris
747 612 890 700 portes,
905 595 1105 672 aCurtisio
1118 595 1320 699 descriptae

268 738 310 802 et
333 719 509 796 iconibus
541 717 771 810 illustratae,
805 743 826 794 a
853 716 1112 819 descriptione
1138 717 1321 794 Neeseana

269 843 507 946 aliquantum
533 838 752 931 discedunt,
790 838 939 916 labrum
970 837 1090 927 enim,
1125 837 1320 914 secundun

271 962 500 1052 Curtisium,
547 959 790 1061 obtrigonum
828 973 887 1036 est
926 957 1035 1064 apice
1057 958 1319 1047 rotundatum,

271 1087 401 1188 lingua
422 1097 547 1159 autem
570 1078 764 1184 perbrevis
791 1077 979 1171 obsoleta,
1014 1105 1083 1158 seu
1101 1079 1252 1181 potius,
1283 1105 1321 1154 ex

273 1207 402 1294 icone,
424 1201 505 1280 fere
518 1202 623 1278 nulla
640 1200 789 1302 (forsan
801 1200 977 1281 mutilata
991 1215 1057 1278 aut
1074 1199 1321 1283 exsiccatione

269 1322 496 1424 contracta).

684 1547 785 1650 Pag.
814 1548 914 1626 405.

345 1717 402 1795 Ad
426 1717 639 1822 Alomyam
663 1721 815 1817 nigram
836 1715 1004 1792 addenda
1024 1727 1083 1792 est
1102 1720 1275 1796 varietus
1289 1724 1319 1794 la

269 1838 376 1917 tibiis
389 1837 812 1940 posterioribusnigris.
832 1865 881 1912 m.
908 1879 962 1896 --
993 1836 1319 1938 Longitudofi‘d

269 1958 469 2033 linearum.
523 1959 645 2036 Pedes
665 1958 781 2060 nigri;
809 1958 924 2032 antici
945 1957 1050 2032 tibiis
1071 1957 1197 2047 flavis,
1224 1958 1319 2062 apice

268 2081 494 2182 plerumque
515 2077 647 2169 luscis,
682 2078 891 2154 femoribus
919 2077 1107 2153 individui
1134 2077 1318 2152 maximia

267 2198 395 2274 medio
415 2197 461 2270 ad
486 2201 632 2301 apicem
656 2226 776 2301 usque
796 2198 919 2289 flavis,
946 2198 1105 2300 reliquis
1125 2197 1317 2275 individuis

267 2334 413 2393 tautum
442 2343 587 2393 summo
615 2320 793 2420 geniculo
820 2320 936 2407 llav03
976 2317 1209 2420 posteriores
1235 2315 1318 2393 indi·

267 2440 383 2516 viduo
410 2436 573 2511 maximo
600 2438 706 2514 tibiis
745 2456 832 2514 ante
864 2437 973 2513 basin
1006 2437 1317 2540 obscuroserrugi-

268 2561 362 2637 neis.
390 2601 443 2615 -
470 2558 626 2633 Caetera
647 2559 787 2660 speciei
804 2558 990 2661 genuinae
1008 2561 1254 2660 respondent.

342 2679 470 2753 Mares
485 2677 670 2780 quinque,
698 2680 798 2755 circa
815 2681 959 2785 Netley
975 2694 1124 2782 captos,
1152 2681 1266 2788 ane
1282 2673 1315 2754 ad

267 2827 329 2877 me
349 2813 466 2874 misit.

681 3027 779 3126 Pag.
809 3029 913 3103 447.

344 3198 488 3297 Crypti
519 3198 730 3272 torsolenci
761 3223 901 3272 marem
930 3209 970 3272 et
994 3193 1192 3283 feminam,
1231 3197 1310 3270 circa

266 3317 410 3418 Netley
424 3331 571 3415 captos,
589 3317 699 3418 Hope
713 3344 860 3392 mecum
871 3317 1176 3392 communicavit.
1207 3319 1236 3390 F
1237 3311 1311 3392 enri-

266 3461 336 3511 nae
358 3435 446 3508 tarsi
469 3437 608 3536 postici
625 3438 695 3510 toti
712 3454 800 3514 sunt
814 3437 1152 3540 rulo-ferruginei.

705 3695 805 3795 Pag.
836 3697 937 3783 452,

344 3866 488 3963 Crypti
521 3863 778 3942 ranschntoris
809 3865 990 3940 seminam
1017 3882 1057 3944 et
1085 3865 1268 3948 varietatis
1292 3869 1301 3936 l

264 4008 403 4060 marem
426 3981 536 4084 Hope
557 3985 661 4087 cepit
676 3987 777 4062 circa
792 3987 946 4091 Netley.
