2698 4810
253 313 333 390 292
648 329 917 382 rennnurnon
964 337 980 345 ··

254 494 446 600 designari
463 495 630 600 possint,
657 494 796 598 'quibus
819 505 1028 580 arceantur.
1079 501 1211 579 Mores
1229 499 1301 603 qui·-

253 620 340 696 dem
370 624 603 707 extensorii,
630 623 799 719 ruptorii
827 634 867 694 et
895 627 1079 698 ammonii
1104 623 1203 721 (narn
1223 622 1301 696 reli-

252 765 411 842 quarum
427 737 638 842 specierum
659 763 780 812 mares
802 737 924 814 adhuc
945 739 1085 841 latent)
1106 756 1299 818 constanter

253 859 454 947 differunt3
494 857 732 932 differentiae
773 881 904 932 eorum
947 875 1073 936 autem
1114 864 1232 937 colore
1265 874 1297 934 et

250 980 402 1083 pictura
426 977 565 1080 pedum
584 992 624 1051 et
646 975 868 1051 ultimorum
896 996 1169 1082 segmentorum
1189 980 1296 1054 nitun-

249 1115 330 1190 tur,
360 1099 384 1174 i.
411 1125 443 1173 e.
469 1097 585 1187 notis,
614 1095 775 1198 quaein
803 1095 955 1174 seminis
985 1101 1095 1178 valde
1118 1099 1293 1176 variabiles

248 1234 338 1310 sunt
352 1218 544 1296 etsensim
559 1217 775 1318 sensimque
789 1231 997 1297 mutantur.
1032 1221 1171 1304 Forsan
1183 1217 1290 1317 itaque

247 1338 420 1414 accidere
451 1351 580 1441 posset
609 1352 667 1427 ut,
699 1335 905 1414 individuis
938 1339 1115 1442 pluribus
1142 1333 1288 1413 masculis

245 1457 417 1562 repertis,
432 1455 472 1532 hi
485 1456 720 1532 characteres
735 1456 946 1535 distinctivi
961 1460 1001 1537 in
1017 1460 1179 1536 maribus
1192 1475 1285 1556 aeqm

246 1577 448 1684 variabiles
469 1601 510 1652 se
530 1592 765 1678 praestarent
779 1605 822 1652 ac
837 1579 877 1653 in
893 1578 1059 1658 feminis.
1115 1578 1221 1654 Color
1236 1599 1288 1647 an·

245 1714 446 1802 tennarum
470 1693 510 1770 in
532 1694 698 1772 maribus
714 1699 821 1775 lehn.
838 1707 1007 1803 raptorii
1019 1699 1149 1778 variat.
1174 1739 1220 1755 —
1240 1693 1287 1766 De

236 1823 402 1924 seminis
416 1818 508 1895 haec
522 1817 707 1891 monenda
723 1833 827 1893 sunt:
862 1821 1043 1898 Feminae
1057 1819 1162 1898 Iclnz.
1178 1830 1285 1892 exten·

244 1949 342 2034 sorii
359 1939 521 2025 variant,
549 1949 626 2011 tam
645 1937 895 2015 crassitudine
911 1955 1171 2028 antennarum,
1198 1954 1286 2036 quam

244 2063 374 2138 colore
390 2059 530 2163 pedum
553 2071 591 2131 et
608 2055 756 2159 pictura
780 2076 1058 2161 segmentorum
1075 2059 1285 2135 nltimomnn

244 2181 438 2256 individua
453 2192 578 2253 autem
592 2179 764 2254 antennis
781 2177 1046 2280 gracilioribus
1062 2179 1208 2284 propius
1224 2171 1286 2274 jam

245 2302 430 2376 accedunt
463 2298 508 2373 ad
542 2297 651 2380 chn.
689 2307 905 2400 ruptarium
939 2315 977 2375 et
1001 2303 1283 2400 gracilicornern.

243 2420 443 2498 Indiuidua
465 2419 648 2492 nonnulla
670 2417 780 2493 chn.
806 2420 1036 2517 confusorii,
1065 2419 1188 2494 colore
1205 2415 1283 2486 flavo

245 2538 426 2612 tibiarum
453 2537 493 2611 in
515 2540 761 2614 stramineum
786 2555 982 2642 vergente,
1011 2537 1092 2616 lere
1115 2540 1283 2612 transeunt
1320 2527 1321 2532 ’

241 2658 280 2732 in
296 2662 321 2732 1
321 2658 405 2734 olan.
425 2665 638 2734 extensorii
653 2655 847 2734 individua
867 2657 972 2732 tibiis
988 2662 1119 2735 subtus
1133 2655 1282 2732 flavien-

240 2777 362 2867 tibus,
390 2777 617 2880 plerumque
640 2790 765 2851 autem
789 2781 814 2851 1
815 2777 897 2854 obn.
919 2787 1159 2857 extensorius
1177 2802 1195 2849 a
1213 2793 1283 2848 con·

230 2899 375 3000 fusore
389 2897 590 2998 segmentis
607 2895 698 2970 solis
715 2904 820 2974 6et7
836 2898 1122 2975 albomacnlatis
1133 2885 1279 2972 discedit

238 3019 488 3095 Ichneumoni
502 3022 679 3119 raptorio
693 3015 806 3090 etiam
832 3017 1021 3094 interdum
1044 3019 1157 3094 tibiae
1171 3016 1280 3088 flaves-

238 3119 340 3214 cunt.
396 3137 505 3214 Iclzn.
537 3139 702 3212 siloceus
727 3135 850 3212 allinis
878 3154 936 3213 est
961 3137 1070 3216 lehn.
1094 3123 1280 3236 confusoril‘

239 3257 436 3334 individuo
456 3255 663 3332 semoribus
683 3256 818 3330 anticis
835 3257 927 3332 totis
943 3259 1033 3333 rufis
1051 3272 1090 3334 et
1102 3241 1278 3356 segmentis

236 3387 321 3454 2et
350 3387 373 3456 3
402 3376 675 3450 flnvicantibus.
733 3375 939 3453 Observavi
967 3392 1107 3466 autem,
1134 3373 1276 3448 colorem

236 3499 373 3571 flavum
404 3496 543 3600 pedum
575 3509 613 3568 et
649 3494 859 3571 abdominis
892 3513 1014 3574 morte
1046 3493 1220 3572 interdum
1245 3480 1275 3552 in

236 3616 479 3692 stramineum
506 3629 572 3690 aut
600 3615 931 3692 stramineorulum
955 3614 1134 3694 converti.
1183 3601 1272 3685 Icltt·

237 3739 453 3836 consnsorii
479 3733 689 3824 individua,
719 3738 920 3837 segmentis
948 3747 973 3815 2
999 3753 1038 3813 et
1060 3747 1083 3815 3
1107 3717 1273 3808 dilutiori-

234 3858 305 3931 bns
328 3873 366 3931 et
388 3853 668 3943 duricordibus,
697 3863 967 3932 terminatorio
984 3850 1269 3957 adpropinquant·

233 3977 342 4054 chn.
356 3977 543 4062 salacem,
568 3988 727 4076 propter
740 3991 921 4051 antennas
937 3974 1167 4076 graciliores,
1193 3955 1271 4040 indi·

232 4097 356 4174 viduis
380 4093 574 4172 nonnullis
591 4103 761 4193 ruptarii
774 4111 813 4172 et
826 4101 1041 4174 extensorii
1052 4085 1200 4171 conlinis
1214 4087 1269 4152 est·
