2666 4812
239 343 316 414 620
589 392 592 400 .
634 350 906 408 taunauuon

491 522 628 598 Nota:

315 643 403 718 Non
422 641 556 719 dubito
581 641 674 745 quin
702 654 832 720 noster
850 637 961 718 chn.
986 641 1177 722 incubator
1198 642 1282 719 inter

236 761 407 862 ejusdem
443 761 604 838 nominis
643 762 789 865 species
820 775 1016 836 auctorum
1052 765 1280 867 allegatorum

234 883 369 973 lateat,
398 883 507 959 nullo
522 883 636 959 modo
659 899 783 958 autem
806 883 991 958 extricare
1011 908 1182 985 possum,
1207 909 1281 958 num

233 1004 297 1079 vel
325 1029 454 1080 omnes
482 1019 673 1093 auctores,
708 1004 770 1079 vel
791 1003 923 1104 quales
950 1029 1101 1094 eorum,
1135 1019 1280 1080 nostram

235 1121 400 1221 speciem
421 1123 702 1226 descripserint.
757 1123 968 1224 Diagnoses
982 1149 1113 1202 omnes
1134 1126 1196 1224 (ut
1213 1123 1281 1226 plu·

234 1241 370 1316 rimum
399 1245 578 1320 eLinnei
607 1247 735 1318 Fauna
763 1245 968 1346 repetitae)
994 1244 1092 1324 bene
1118 1245 1281 1348 quadrant

235 1361 280 1436 ad
303 1379 466 1438 nostram
495 1365 678 1467 speciem3
712 1366 796 1440 loca
825 1381 949 1441 autem
972 1366 1150 1443 eLinnei
1172 1366 1279 1437 Fauna

236 1483 400 1574 Suecica,
430 1513 451 1561 e
473 1485 661 1561 Geoffroii
682 1485 859 1574 Historia,
886 1486 1013 1562 velex
1033 1478 1279 1590 ipsaScopolii

229 1602 357 1677 Fauna
378 1605 607 1693 carneolica,
635 1631 731 1708 quae
751 1606 992 1681 auctores'ad
1013 1604 1111 1681 hanc
1131 1605 1279 1709 speciem

231 1721 428 1812 adhibent,
458 1724 614 1800 dubium
637 1742 751 1832 atque
774 1725 959 1804 incertum
981 1753 1041 1802 me
1061 1728 1277 1829 relinquunt.

230 1842 395 1918 Linneus
425 1844 515 1917 duas
542 1844 604 1920 vel
631 1858 707 1919 tres
731 1843 877 1946 species
907 1844 977 1920 sub
1002 1845 1160 1922 nomine
1186 1842 1277 1920 lclm.

229 1963 457 2040 incubitom's
481 1965 696 2041 confudisse
724 1965 891 2055 videtur,
933 1992 1019 2040 nam
1052 1967 1093 2041 iu
1124 1959 1277 2066 diagnosi

229 2086 379 2160 Faunae
402 2087 580 2162 Suecicae
601 2085 793 2160 Ichneum.
818 2084 1009 2161 incubitor
1033 2084 1153 2160 habet
1179 2083 1279 2161 abdo-

227 2234 308 2283 men
324 2209 619 2308 serruginenm,
647 2214 756 2309 apice
777 2213 910 2306 nigro,
938 2211 1092 2284 macula
1114 2205 1226 2294 alba,
1248 2203 1277 2275 in

226 2327 484 2428 descriptione
507 2327 694 2404 abdomen
713 2329 1008 2426 ferrugineum,
1041 2331 1182 2404 ultimo
1198 2329 1277 2403 arti·

224 2452 312 2526 calo
331 2456 443 2548 nigro
471 2449 594 2546 (nulla
618 2449 786 2522 maculae
808 2448 915 2522 albae
942 2447 1039 2522 facta
1061 2447 1274 2541 mentione),

226 2569 264 2642 in
286 2567 388 2642 Actis
411 2570 569 2643 suecicis
597 2577 712 2657 1736,
742 2593 825 2668 pag.
852 2569 943 2657 125,
973 2597 1009 2644 n.
1030 2578 1074 2659 7,
1104 2569 1274 2648 abdomen

224 2703 431 2766 testaceum
448 2697 556 2790 apice
569 2697 692 2789 nigro,
714 2690 1018 2788 aculeo‘triplici.
1032 2731 1084 2746 --
1100 2680 1273 2766 Geoffroii

222 2807 457 2886 Ichneumon
480 2813 547 2898 48,
584 2837 619 2883 n.
642 2815 733 2898 341,
770 2809 814 2881 ad
837 2836 948 2910 quern
977 2807 1131 2911 quidem
1159 2823 1274 2884 auctor

219 2930 414 3009 Ichneum.
446 2928 695 3006 incubitorem
730 2927 865 3003 Linnei
902 2926 1072 3016 adhibet,
1114 2931 1273 3006 antennis

219 3066 277 3125 est
305 3049 482 3126 brunneis
511 3050 635 3126 medio
661 3047 780 3138 albis,
807 3046 1010 3125 abdomine
1039 3054 1151 3150 apice
1176 3055 1270 3146 m'gro

219 3169 409 3268 (maculae
424 3170 532 3248 albae
548 3170 652 3244 nulla
668 3170 766 3243 iacta
781 3167 1011 3268 mentione),
1035 3171 1172 3244 aculeo
1186 3166 1271 3244 tren

217 3293 375 3391 triplici.
430 3292 540 3364 Hunc
557 3288 745 3365 Geoffroii
761 3288 1057 3366 Ichneumonem
1073 3289 1214 3391 Illiger,
1238 3283 1269 3357 in

217 3409 385 3485 editione
408 3409 570 3488 secunda
595 3410 747 3485 Faunae
760 3410 962 3485 Rossianae
982 3435 1019 3512 p.
1045 3411 1112 3500 65,
1143 3437 1177 3485 n.
1194 3412 1265 3489 7602

213 3529 291 3633 jam
312 3531 357 3602 ab
379 3529 484 3608 Ichn.
507 3529 721 3605 incubitore
739 3535 912 3606 removit.

291 3649 410 3722 Nullo
432 3649 545 3725 modo
562 3663 687 3723 autent
706 3650 752 3722 ad
773 3665 936 3724 nostram
958 3646 1125 3749 speciem
1146 3637 1264 3723 retem·

212 3782 373 3869 possunt
387 3769 580 3846 Ichneum.
600 3768 792 3846 incubitor
809 3767 962 3870 Scopoli
980 3771 1090 3842 Carn.
1101 3826 1111 3860 ,
1139 3795 1172 3842 n.
1190 3761 1263 3845 745»

213 3887 373 3966 thorace
401 3900 529 3968 antice
557 3893 648 3992 ruso
658 3920 672 3975 ;
693 3931 742 3946 ·-
764 3891 908 3962 Stroem
929 3887 1075 3964 Norslre
1095 3881 1259 3963 Selsksbr.

211 4011 276 4096 IV,
305 4035 341 4109 p.
368 4013 454 4097 348,
484 4039 519 4086 n.
540 4015 600 4099 65,
630 4006 781 4085 terebra
796 4023 968 4099 emserta,
995 4008 1103 4086 tibiis
1118 4005 1262 4111 posticis

210 4153 371 4230 superne
386 4128 507 4216 aldis,·
519 4169 571 4189 -
585 4128 750 4206 Schrank
764 4132 902 4222 Austr,
918 4155 953 4204 u.
970 4133 1067 4219 714;
1082 4141 1257 4208 corsorum
