2698 4810
613 333 882 390 ICHNEUMON

509 761 870 838 SECTIO
939 759 990 834 V.

417 1007 559 1070 Seuteilo
580 1007 705 1092 pallido
736 1017 798 1068 aut
827 1003 1077 1089 pallidenotat03
1104 1001 1290 1073 abdomine

418 1111 578 1172 tricolore.

292 1296 512 1374 Abdominis
527 1298 673 1373 colores
690 1311 777 1372 sunt
797 1295 904 1396 niger
917 1293 1022 1369 rusus
1037 1307 1076 1369 et
1093 1291 1198 1367 albus
1211 1318 1280 1366 seu

217 1420 354 1508 flavus,
380 1419 433 1493 ita
449 1418 601 1520 quidem
626 1433 667 1493 ut
691 1424 972 1518 segmentatet
987 1424 1028 1503 3,
1056 1413 1278 1512 rariuspau-

219 1539 321 1613 cioca
351 1538 417 1636 (in
444 1540 553 1616 chn.
585 1539 817 1636 amatorio),
845 1550 911 1609 aut
938 1535 1048 1637 plura
1076 1531 1143 1630 (in
1170 1527 1282 1604 lehn.

221 1658 424 1761 deceptore
444 1673 483 1732 et
502 1658 789 1757 octoguttuto),
814 1655 914 1743 cutia,
942 1651 1139 1756 sequentia
1162 1651 1285 1751 nigra,

219 1778 354 1856 ultima
375 1779 487 1854 dorso
508 1778 614 1851 albo-
632 1791 698 1850 aut
718 1775 1052 1876 flavo-marginata
1072 1773 1133 1846 vel
1155 1797 1286 1844 macu-

220 1899 296 1973 lata
312 1898 399 1973 sint.
454 1895 585 1971 Rarius
600 1911 789 1998 segmenta
809 1894 892 1971 ruia
909 1895 1037 1970 colore
1052 1895 1150 1969 flavo
1164 1892 1288 1967 mixta

220 2033 309 2094 sunt
329 2018 392 2095 vel
411 2031 491 2092 tota
519 2017 613 2091 flava
642 2015 822 2103 evadunt,
850 2013 1040 2089 interdum
1068 2013 1130 2088 vel
1155 2012 1290 2112 nigro·

218 2141 405 2215 maculata
429 2151 517 2214 suut
538 2135 665 2234 (lein.
688 2141 890 2212 ornatorio
912 2149 952 2209 et
972 2133 1198 2231 oodotorio)
1222 2135 1290 2210 vel

220 2255 570 2358 flavo-marginata
604 2253 732 2352 (lehn.
761 2252 1022 2331 ambulatorio
1054 2268 1093 2328 et
1124 2251 1291 2330 lobora-

221 2381 357 2478 torio).
410 2377 517 2454 Iclm.
536 2372 807 2472 flavolimbati
826 2389 1017 2477 segmenta
1048 2373 1182 2448 ultima
1201 2388 1291 2451 tota

221 2495 326 2598 nigra
345 2511 442 2572 sunt.

299 2616 524 2706 Seutellum,
552 2616 778 2720 plerumque
798 2630 921 2691 totum
940 2614 1108 2690 albidum
1128 2631 1194 2690 aut
1217 2617 1291 2692 fla-

221 2762 395 2826 vescens,
423 2762 692 2840 nonnunquam
711 2740 794 2814 solo
807 2735 914 2838 apice
927 2737 1030 2811 albet
1050 2736 1102 2833 (e.
1118 2762 1152 2837 g.
1168 2737 1286 2816 Icltn.

223 2859 501 2958 octoguttoto).
528 2901 580 2913 -
605 2858 714 2934 lehn.
732 2865 1029 2935 stramentorum
1047 2870 1087 2930 et
1101 2864 1291 2935 termino·

223 2985 365 3066 torius,
394 2976 595 3078 segmentis
623 2987 649 3054 2
675 2994 715 3053 et
742 2989 765 3057 3
789 2978 895 3053 ssavis
923 2992 988 3052 aut
1012 2976 1208 3067 testaceis,
1239 2979 1288 3053 ad

221 3104 424 3176 sectionem
443 3105 466 3174 6
483 3110 666 3198 spectant.
720 3097 827 3174 Ichn.
843 3102 1058 3197 unignttati
1074 3122 1150 3172 var.
1166 3097 1289 3174 abdo·

222 3219 335 3296 minis
358 3218 466 3320 apice
487 3216 567 3291 fere
585 3230 669 3290 toto
689 3218 816 3319 nigre,
845 3218 891 3291 ad
910 3223 1114 3302 sectionem
1134 3227 1169 3294 8.

300 3341 345 3412 In
367 3345 533 3414 sectione
552 3342 577 3414 4
597 3337 742 3438 species
764 3337 971 3413 nonnullae
992 3336 1120 3435 (Ichn.
1141 3341 1290 3416 solico-

224 3462 363 3548 tortus,
377 3462 608 3547 molitorius,
628 3465 935 3560 computatoriae
949 3471 988 3531 et
991 3456 1291 3558 flavostigmo)‚

225 3575 426 3654 abdomine
454 3577 635 3653 tricolore
658 3579 822 3667 variant,
850 3577 889 3652 in
916 3585 1082 3654 sectione
1105 3587 1149 3670 6,
1176 3579 1287 3656 Icim.

225 3702 447 3787 occisorius,
470 3699 688 3775 insectione
701 3705 738 3788 7,
757 3697 866 3775 lehn.
881 3704 1151 3801 equitatoriis,
1179 3699 1288 3774 inde-

227 3843 301 3920 que
321 3817 477 3920 propius
500 3819 545 3890 ad
566 3816 661 3892 hanc
682 3817 852 3919 quintam
867 3818 1074 3894 sectionem
1087 3819 1284 3895 accedunt..
