2686 4814
188 289 263 384 370
591 325 859 376 renativitate

561 491 889 591 synonyma:

188 613 295 692 lehn.
312 616 568 688 mercatorias
582 610 692 685 Fabr.
711 610 797 685 Ent.
814 635 852 713 p.
873 617 958 702 tta,
980 641 1016 690 n.
1034 619 1080 694 41
1099 631 1139 690 et
1153 617 1259 693 Pipz.

402 758 439 836 p.
467 739 534 820 61,
569 759 605 806 n.
635 740 685 810 38
721 729 806 828 (ubi
836 754 976 806 nonten
1001 745 1263 816 mercatorias

397 851 677 949 restituendum
700 867 759 926 est
779 875 849 954 pro
872 844 1152 956 vaginatorto).

238 1032 261 1065 ‚,
314 971 507 1047 Gravenb.
529 972 760 1062 Pedemont„
783 1001 819 1048 n.
840 975 901 1049 51.

186 1095 295 1173 chn.
315 1096 575 1172 volutatorias
593 1090 744 1166 Thunb.
767 1089 872 1165 lehn.
895 1092 985 1172 660.
1104 1080 1106 1084 ’

439 1281 576 1356 Nota:

261 1402 369 1480 reta.
385 1404 661 1489 mercatorias,
687 1423 800 1502 quem
814 1398 1069 1502 Trentepohl,
1096 1403 1137 1478 in
1151 1407 1257 1484 Iside

187 1532 298 1614 1826,
325 1548 363 1625 p.
379 1527 440 1610 84,
468 1549 505 1598 n.
519 1529 569 1600 29
584 1518 795 1620 descripsit,
817 1546 886 1594 nec
900 1520 946 1593 ad
962 1519 1063 1596 hunc
1078 1540 1256 1602 nostrum

183 1647 479 1731 mercatoriam,
506 1668 576 1716 nec
595 1639 641 1714 ad
664 1635 828 1740 speciem
850 1640 1151 1734 antecedentem,
1180 1673 1257 1722 nec

182 1766 230 1840 ad
258 1767 503 1839 monitoriam
530 1758 586 1856 (n.
621 1759 714 1858 143)
741 1757 916 1834 omnibus
946 1760 1045 1836 notis
1077 1764 1254 1864 quadrat.

181 1891 326 1962 Auctor
345 1883 391 1957 ad
412 1884 685 1958 mercatoriam
702 1901 809 1950 suum
832 1878 960 1954 laudat
976 1890 1257 1961 mercatoriam

184 2003 340 2080 Panzeri
369 2017 408 2078 et
433 1999 593 2077 Schaeff.
625 2001 728 2072 leon.
759 1997 834 2070 tab.
863 2001 958 2090 205,
991 2000 1052 2103 fig.
1076 2010 1117 2091 63
1151 2001 1258 2080 banc

182 2141 309 2202 autem
323 2126 481 2211 Panzer,
510 2119 550 2194 in
564 2117 685 2194 Revis.
702 2143 740 2221 p.
763 2125 822 2203 62,
852 2118 897 2192 ad
921 2129 1167 2199 monitoriam
1184 2125 1257 2198 ad-

178 2245 317 2322 hibuit.
384 2245 446 2319 De
475 2241 534 2315 his
568 2237 777 2339 multisque
804 2237 889 2314 aliis
917 2240 1042 2317 dubiis
1075 2243 1254 2323 conseras

179 2381 307 2441 notam
328 2365 373 2439 ad
390 2360 554 2463 speciem
568 2359 865 2434 antecedentem.
921 2363 965 2436 In
981 2361 1066 2464 ipso
1081 2363 1253 2442 Fabricii

178 2510 329 2574 nisiaea,
365 2511 385 2560 e
420 2481 607 2558 relatione
640 2477 907 2581 Trcntepohlii
935 2482 963 2556 l.
984 2509 1016 2557 c.
1052 2482 1253 2562 individua

179 2610 403 2681 mercatorii
424 2619 462 2678 et
479 2603 708 2702 infractorii
721 2597 877 2673 confusa
895 2617 991 2678 sunt.
1045 2607 1254 2682 Mercato-

178 2732 261 2801 rias
277 2736 405 2798 noster
424 2722 551 2797 forsan
567 2746 669 2795 mera
691 2720 851 2794 varietas
874 2721 993 2798 nostri
1020 2727 1253 2824 infractorii

177 2845 288 2918 maris
311 2867 392 2918 esse
407 2855 547 2943 posset.
602 2843 1054 2933 MercatoriasPanzeri,
1083 2844 1158 2919 nisi
1180 2874 1250 2923 an..

174 2964 301 3042 tennis
325 2962 453 3064 nigris,
478 2962 544 3038 sed
563 2959 665 3048 rufis,
693 2959 884 3060 gauderet,
909 2962 1054 3064 optime
1069 2965 1247 3042 varietati

177 3096 197 3165 1
220 3083 339 3162 nostri
362 3084 590 3184 infractorii
610 3080 870 3184 responderet.
1334 3069 1335 3113 ¹

429 3381 502 3445 172.
545 3369 572 3436 Ι.
596 3365 1067 3449 QUADRIMACULATUS.

372 3508 599 3577 Metatborace
619 3506 773 3596 bispin03
798 3507 917 3574 orbitis
942 3505 1117 3576 oculorum
1136 3511 1245 3580 inter·

372 3615 441 3692 nis,
471 3622 598 3701 puncto
624 3608 666 3674 ad
689 3605 812 3672 alarum
829 3611 989 3692 radicem,
1018 3618 1197 3700 segmentis
1221 3629 1244 3690 2

372 3727 406 3779 et
424 3715 544 3796 ithasi,
567 3711 781 3800 sequentibus
794 3713 953 3798 margine,
967 3713 1078 3794 flavis3
1099 3715 1241 3804 pedibas

361 3815 488 3901 fulvis,
512 3819 603 3884 coxis
621 3827 655 3882 et
672 3813 834 3880 semorum
854 3813 1004 3901 apicibus
1023 3816 1143 3906 nigris.
1186 3817 1211 3882 f.

242 3969 411 4050 Statura
433 3988 472 4072 et
494 3970 693 4077 proportio
714 3967 882 4075 partium
896 3969 1052 4048 omnino
1072 3971 1238 4050 feminae

165 4093 368 4194 sequentis.
