2658 4806
622 341 889 393 tottu‘tttutott

543 689 597 753 28.
639 677 667 745 l.
689 677 886 745 ALBINUS.
931 699 966 741 n.

422 833 615 919 Femoribus
633 848 791 935 tibiisque
808 845 904 933 rufis,
932 856 1149 912 antennarum
1167 846 1305 914 annulo

422 951 513 1020 albo,
554 951 581 1019 f.

224 1145 227 1153 ¹
295 1161 466 1242 Statura
488 1174 527 1236 ct
546 1113 753 1264 ¹proportio
781 1157 947 1262 partium
972 1153 1083 1233 Iclm.
1120 1159 1295 1258 castigo-

219 1289 318 1361 toris
332 1281 504 1376 sentinae,
519 1281 584 1357 sed
598 1279 769 1356 antennis
783 1279 899 1382 paulo
912 1276 1299 1379 brevioribuspaulo-

219 1428 294 1504 que
318 1402 576 1477 crassioribus.

221 1603 226 1614 ,
292 1521 514 1622 Longitudo
541 1521 605 1621 47,
637 1519 833 1598 linearum.
887 1520 1092 1599 Antennue
1117 1516 1184 1594 vix
1206 1543 1301 1596 cor-

217 1638 322 1744 poris
364 1641 512 1717 dimidii
545 1641 802 1745 longitudine,
844 1637 1131 1727 subfililormes,
1179 1639 1303 1746 apice

217 1757 429 1853 involutae,
458 1761 630 1838 articulis
651 1763 790 1842 9—15
813 1760 875 1836 vel
895 1758 1088 1848 omnibus,
1116 1758 1180 1836 rel
1201 1761 1302 1864 plu-

216 1861 323 1994 rimis
353 1908 500 1973 corum,
540 1909 702 1988 superne
732 1898 771 1958 ct
796 1879 980 1959 lateribus
1009 1877 1116 1956 albis.
1183 1883 1301 1964 Alae

215 1999 555 2112 ltrnratohyalinae3
583 2004 757 2112 stigmate
773 2002 877 2077 radio
897 1999 1023 2080 radice
1037 2014 1076 2074 et
1089 2005 1302 2104 squamula

214 2121 330 2202 tuscis
352 2139 417 2204 aut
435 2123 564 2224 nigris.
619 2125 742 2202 Pedes
767 2123 856 2210 rufi,
884 2121 988 2200 coxis
1010 2135 1049 2195 et
1070 2117 1301 2200 trochante-

213 2223 317 2352 ribus
333 2244 466 2346 nigris;
489 2243 628 2344 postici
643 2240 752 2317 tarsis
768 2256 807 2322 et
822 2266 969 2316 summo
982 2239 1161 2314 tibiarum
1177 2243 1301 2344 apice

213 2361 331 2440 fuscis
350 2379 416 2438 aut
437 2361 565 2464 nigris.
618 2360 823 2444 Abdomen
843 2359 1044 2466 segmentis
1069 2369 1093 2440 6
1113 2375 1153 2436 et.
1167 2369 1193 2438 7
1209 2391 1300 2440 ma-

212 2481 298 2556 cula
322 2481 463 2556 dorsali
485 2481 587 2572 alba,
621 2492 647 2560 2
675 2482 901 2586 plerumque
933 2505 1078 2556 summo
1113 2485 1298 2586 margine

211 2616 405 2689 castaneo;
425 2611 450 2684 2
466 2617 506 2678 et
518 2611 542 2682 3
556 2603 708 2710 punctis
722 2601 863 2710 opacis,
881 2601 1127 2708 sequentibus
1143 2607 1297 2686 sensim

211 2717 467 2798 nitidioribus.

286 2840 482 2940 Quaedam
504 2841 695 2919 individua
716 2845 885 2946 Mouger
904 2858 943 2922 et
969 2841 1129 2924 Richter
1157 2840 1201 2924 iu
1223 2849 1297 2928 Si-

208 2960 325 3044 lesr'oe
342 2961 377 3042 S
377 2961 504 3048 edetis
524 2980 720 3072 ceperunt.
1147 3005 1149 3010 ·

475 3386 529 3448 29.
573 3375 601 3440 l.
624 3375 931 3442 LEUCOPYGUS.
976 3398 1009 3442 u.

407 3539 601 3608 Femorihus
616 3541 771 3628 tibiisque
783 3543 872 3626 rutis,
891 3544 1029 3638 posticis
1043 3544 1136 3635 apice
1152 3547 1287 3638 nigris3

408 3639 533 3710 annulo
551 3655 768 3712 antennarum
786 3644 875 3714 albo.
919 3645 942 3712 f.

278 3861 449 3944 Statura
472 3882 512 3943 et
539 3868 739 3974 proportio
765 3871 928 3973 partium
956 3868 1096 3973 speciei
1119 3897 1288 3974 praece-

200 3983 342 4073 dentis,
382 4013 500 4092 aqua
531 3988 625 4066 haec
654 4017 728 4064 non
758 3991 827 4068 uisi
860 3992 1060 4093 paruitate,
1099 3992 1288 4094 stigmate

200 4103 298 4196 tusc,
326 4109 512 4209 geniculis
529 4111 685 4215 posticis
707 4112 991 4213 nigricantibus,
1020 4113 1168 4190 macula
1191 4117 1285 4193 alba
