2698 4802
244 322 320 400 1tt
482 410 486 420 Ι
616 317 887 386 rcu‘naonron

324 501 519 600 Quaedam
541 499 735 575 individua
758 499 843 602 cepi
873 499 912 574 in
938 497 1102 584 Silesiu,
1135 496 1174 571 in
1205 498 1325 575 fruti-

247 622 354 710 cetis,
382 621 572 696 mensibus
585 620 681 721 Maji
698 635 738 696 et
749 619 874 709 Junii;
901 618 1085 721 quaedam
1098 616 1214 692 missa
1232 635 1325 694 sunt

245 771 268 822 e
287 744 452 820 Lusutr’u
474 755 513 815 et
531 742 558 815 Ι
559 742 668 817 talia.

322 991 359 1060 2.
390 980 405 1054 ?
438 982 695 1056 Antennacum
726 975 896 1054 articulis
927 986 971 1057 11
988 1020 1040 1033 -
1058 984 1106 1055 13
1132 977 1246 1054 albis.
1270 1021 1321 1036 -

245 1103 415 1180 Statura
435 1094 552 1206 paulo
573 1100 726 1177 brevior
745 1098 937 1199 pauloque
963 1086 1123 1172 crassior
1143 1125 1261 1201 quam
1278 1099 1315 1172 in

246 1223 374 1325 specie
389 1220 563 1323 genuina.
605 1218 827 1318 Longitudo
842 1220 905 1315 47,
919 1217 1060 1293 -lere
1074 1225 1098 1295 6
1114 1218 1310 1296 linearum.

243 1347 349 1423 Alae
382 1338 827 1441 sublumato-hyalinae,
867 1337 1042 1438 stigmate
1087 1336 1315 1428 rufescente,

243 1463 349 1539 radio
383 1461 508 1538 radice
547 1477 587 1536 et
617 1461 812 1562 squamula
846 1457 974 1532 luscis.
1042 1457 1166 1536 Pedes
1196 1457 1313 1534 antici

242 1581 452 1658 femoribus
477 1582 586 1683 apice
611 1605 757 1656 summo
780 1578 1014 1680 ferrugineo,
1054 1577 1161 1651 tibiis
1182 1578 1316 1654 subtus

243 1700 491 1777 flavoalbidis.
558 1698 761 1778 Abdomen
789 1699 968 1785 nitidum,
1002 1696 1314 1774 subcoeruleoni-

243 1846 369 1926 grum,
414 1819 597 1923 segmenti
630 1819 784 1897 secundi
818 1817 986 1919 margine
1012 1843 1158 1894 summo
1193 1820 1314 1896 rufes-

242 1957 365 2018 cente.

319 2064 491 2139 Alterum
518 2057 757 2136 individuum
783 2056 965 2136 Richtero
992 2058 1265 2136 excludebatur
1290 2087 1315 2138 e

241 2209 343 2287 pnpa
371 2179 571 2282 bombycis
588 2163 809 2279 cujusdam,
844 2177 907 2253 die
938 2186 986 2256 12
1014 2177 1153 2254 mensis
1180 2178 1314 2257 Martii

243 2305 329 2376 anni
358 2311 475 2387 181&
508 2300 685 2386 alterum,
714 2323 833 2398 prope
858 2298 1120 2375 Wurmbrunn
1146 2313 1312 2401 captum,

242 2425 478 2520 alisongero
501 2416 649 2519 accepi3
682 2416 836 2492 tertium
847 2420 1054 2520 sennicnm
1084 2432 1153 2496 est.

636 2638 659 2715 S
668 2664 917 2742 ynonymn:

242 2777 352 2855 Icln.
376 2780 594 2855 molitorius
615 2777 779 2853 Schranlr
799 2775 930 2865 Boica,
959 2804 995 2852 n.
1020 2785 1123 2855 2072
1144 2803 1221 2855 var.
1241 2780 1311 2856 d?

453 2899 650 2998 (conseras
668 2898 713 2972 ad
730 2912 899 2971 nostrum
914 2895 1020 2971 Ichn.
1039 2898 1307 3001 molitorinm).

241 3019 349 3097 lehn.
382 3026 613 3120 nigriturius
640 3017 830 3094 Gravenh.
857 3017 1026 3106 Pedem,
1061 3044 1098 3093 n.
1128 3029 1233 3098 3-
1262 3023 1311 3096 ad

452 3140 671 3218 varietatem
698 3139 859 3243 primam
874 3139 1053 3240 pertinet.

503 3363 638 3436 Nota:

316 3499 378 3572 De
404 3494 588 3572 varietate
618 3497 797 3587 secunda,
839 3522 936 3599 quae
963 3509 1103 3571 statura
1132 3495 1311 3574 breviore

239 3632 279 3692 et
299 3616 499 3704 crassiore,
529 3641 686 3691 necnon
703 3617 873 3691 articulis
888 3632 1132 3693 antennarum
1157 3625 1312 3698 11-1s

238 3737 345 3825 albis,
375 3762 393 3808 a
411 3735 537 3837 specie
550 3736 711 3836 genuina
725 3737 897 3825 discedit,
919 3735 1083 3810 incertus
1101 3763 1194 3826 sum,
1218 3765 1311 3814 num

236 3857 364 3932 forsan
387 3855 552 3957 speclea
577 3856 704 3931 nostro
726 3857 980 3933 Ichneumone
998 3863 1206 3955 nigriturio
1234 3859 1311 3932 dis-

236 3975 344 4052 serat.
390 3979 451 4053 De
469 3963 558 4052 sexu
574 3976 659 4081 ipso
673 3977 795 4051 adhuc
812 3976 947 4051 dubius
963 3975 1112 4065 haecce,
1135 3977 1310 4078 partibus

238 4096 465 4200 genitalibus
486 4095 586 4172 haud
606 4097 836 4175 certitudine
856 4095 1160 4200 explicabilibus.
