2698 4802
222 299 295 372 118
616 311 888 374 renueunrou

220 505 369 568 narum,
405 476 518 564 albis3
546 474 709 553 feminae
729 475 863 554 orbitis
884 474 1084 552 oculorum
1109 475 1299 551 tenuissi-

220 600 293 674 mis
309 597 543 699 interruptis,
571 597 783 700 palpisque,
811 595 919 685 albis,
941 596 1048 674 labro
1063 595 1297 671 rufo-ferru-

221 719 345 821 gineo.
400 722 605 797 Antennue
622 732 801 807 setaoeae‚
827 718 938 792 maris
951 716 1191 818 longitudine
1208 742 1300 791 cor-

223 838 328 941 poris
350 837 411 914 vel
435 836 551 940 paulo
576 836 786 926 breviores,
814 837 959 928 fuscae,
988 836 1150 912 articulo
1165 837 1297 938 primo

225 959 357 1034 subtus
403 959 550 1049 albido,
598 957 843 1061 sequentibus
888 957 1020 1034 subtus
1065 957 1298 1060 plerumque

223 1077 576 1180 fuscolerrugineis‚
603 1068 1094 1179 rariusferrugineo-rulisr
1128 1075 1295 1154 feminae

225 1223 384 1301 corpore
398 1197 560 1274 dimidio
573 1199 780 1300 longiores,
808 1198 917 1301 apice
931 1197 1135 1286 involutae,
1151 1195 1291 1298 nigrae,

225 1318 396 1400 articulis
416 1324 555 1400 9-14
573 1344 684 1420 supra
706 1334 744 1394 et
757 1317 938 1395 lateribus
960 1316 1069 1398 albis.
1124 1317 1297 1395 Thorax

226 1453 371 1546 puncto
393 1451 479 1518 ante
499 1437 592 1528 alas,
620 1438 817 1541 alteroque
837 1437 933 1513 infra
954 1437 1050 1527 alas,
1077 1434 1153 1514 hoc
1172 1437 1294 1516 inter·

225 1558 316 1634 dum
342 1557 534 1648 obsoleto,
571 1557 720 1634 albidis.
785 1561 889 1638 Aloe
910 1557 1087 1664 hyalinae
1114 1573 1181 1636 aut
1204 1559 1298 1636 sub-

225 1676 568 1780 fumatohyalinae,
615 1679 788 1781 stigmate
824 1679 936 1781 piceo
967 1692 1034 1752 aut
1063 1677 1292 1779 ferrugineo,

225 1798 333 1883 radio
360 1811 399 1874 et
419 1799 613 1902 squamula
634 1798 770 1890 fuscis,
803 1798 929 1879 radice
949 1797 1058 1902 picea
1078 1813 1144 1874 aut
1168 1798 1295 1888 fusca;

227 1919 352 2000 areola
394 1919 733 2022 quinqueangulari
773 1933 838 1996 aut
882 1917 1298 2020 subquinqueangulari

226 2040 471 2146 pyramidata.
501 2037 959 2119 Pedesmarisanteriores
972 2036 1159 2115 femorum
1172 2039 1298 2117 latere

228 2159 410 2243 interiore
443 2161 679 2263 ferruginem
712 2161 818 2240 tibiis
854 2163 973 2241 latere
1007 2173 1163 2238 externo
1197 2159 1299 2236 albis

228 2281 335 2382 apice
354 2281 440 2360 rufo
463 2298 528 2360 aut
549 2279 783 2380 ferrugineo,
810 2279 929 2356 latere
950 2278 1102 2358 interno
1123 2279 1213 2356 rufis
1230 2295 1300 2358 aut

228 2398 451 2500 ferrugineis
479 2398 623 2500 apicem
651 2425 780 2479 versus
815 2400 948 2501 nigris,
988 2399 1110 2475 rariu's
1144 2397 1300 2478 interne

227 2518 319 2591 totis
337 2517 468 2608 fuscis,
495 2518 604 2598 tarsis
618 2518 859 2620 ferrugineis,
887 2518 1020 2594 mediis
1041 2520 1104 2595 vel
1123 2519 1215 2594 totis
1233 2520 1299 2598 vel

231 2663 341 2738 supra
359 2635 491 2725 fuscis;
519 2639 747 2740 posteriores
762 2638 866 2713 tibiis
880 2641 999 2720 latere
1015 2655 1171 2721 externo
1186 2639 1301 2717 basin

230 2782 360 2837 versus
394 2757 497 2846 albo,
532 2757 682 2838 interno
706 2759 921 2862 ferrugineo
949 2777 1015 2835 aut
1042 2759 1300 2852 sordidealbo,

230 2877 350 2979 spinis
384 2878 594 2981 spiralibus
633 2878 856 2981 ferrugineis
894 2895 960 2960 aut
992 2880 1299 2960 sordidealbidis.

229 2998 409 3075 Feminae
436 2998 551 3100 pedes
583 2999 698 3074 antici
725 3000 911 3077 femorum
934 3001 1041 3103 apice
1059 2999 1301 3102 ferruginem

229 3122 333 3201 tibiis
372 3121 491 3202 latere
529 3117 711 3202 interiore
749 3120 877 3198 albido
917 3123 1025 3222 apice
1065 3119 1300 3223 ferrugineo,

228 3243 349 3320 latere
365 3242 552 3324 exteriore
567 3257 652 3317 ante
666 3240 773 3316 basin
788 3256 930 3344 puncto
945 3242 1049 3330 albor
1066 3241 1302 3344 posteriores

229 3364 371 3442 annulo
391 3364 478 3440 albo
500 3379 587 3440 ante
606 3362 714 3440 basin
732 3361 928 3450 tibiarum,
956 3359 997 3434 in
1017 3361 1121 3436 tibiis
1136 3362 1300 3464 posticis

228 3481 384 3568 latiore3
417 3480 527 3557 tarsis
552 3479 680 3558 fuscis.
734 3483 907 3564 Aculeus
935 3480 1191 3558 brevissimus.

304 3601 430 3678 Mares
445 3599 572 3702 plures
593 3599 693 3702 capti
715 3616 803 3676 sunt
824 3600 863 3677 iu
876 3601 1034 3690 Silesr'o,
1058 3601 1302 3692 Franconr'n,

228 3747 349 3826 prope
376 3721 521 3797 Holum
552 3721 779 3813 Saxonum,
810 3721 851 3796 in
871 3721 1087 3826 Hercynio,
1120 3749 1191 3798 nec
1221 3747 1302 3798 non

229 3867 350 3948 prope
362 3843 507 3946 Nesley
520 3841 560 3918 in
575 3843 734 3944 Angllo.
787 3842 943 3918 Unicum
960 3867 1071 3944 quam
1085 3841 1164 3918 ridi
1186 3841 1300 3920 femi-

229 3985 332 4050 uam,
372 3983 530 4068 eamque
556 3971 817 4056 austriorum,
848 3963 988 4042 Sturm
1015 3987 1164 4041 mecum
1191 3987 1301 4042 corn-

229 4099 446 4166 niunacavu.
