2704 4806
293 312 344 392 11
588 325 803 387 ursaonra
829 331 1063 396 cotronae

290 497 416 574 addita
437 486 847 588 lamen'adnotatione,
873 492 942 573 has
956 498 1047 573 duas
1064 494 1210 600 species
1234 497 1323 576 loru

265 617 269 628 ’
290 620 337 696 ad
356 611 631 694 Ichneumones
645 617 859 694 referendas
880 643 974 694 esse.
990 659 1044 678 -
1056 620 1323 724 lluzoumoosls¹

145 727 151 742 ’
291 738 331 813 in
358 737 518 813 historia
549 739 711 813 naturali
740 738 880 812 montis
911 740 1032 825 Jorat,
1066 739 1254 838 quosdam
1282 743 1323 816 lc

290 883 495 934 neramones
528 857 778 932 describebat.
812 901 866 916 --
897 858 1086 946 Karsten,
1120 860 1161 933 in
1187 861 1323 960 catalop

290 977 415 1053 Musei
452 976 653 1065 Leslreani,
701 977 830 1076 plures
869 975 1167 1050 Ichneumonum
1202 980 1323 1079 specis

287 1097 452 1171 nondum
466 1098 601 1183 editas,
630 1094 807 1171 brevibus
821 1095 1064 1195 diagnosibus
1079 1079 1297 1176 exhibebat.
1311 1143 1323 1158 ·

290 1220 398 1292 Anno
419 1217 651 1294 montoso·
671 1212 770 1290 inter
785 1213 1061 1288 Ichneumones
1079 1229 1254 1294 etruscos
1276 1221 1323 1320 ph

289 1358 350 1410 res
370 1333 514 1435 species
537 1357 652 1408 novas
670 1331 919 1408 describebat.
975 1333 1118 1410 Generi
1134 1335 1323 1413 Ichneum

290 1481 381 1528 num
400 1470 533 1529 auctor
551 1453 788 1528 characteres
807 1452 1051 1527 Fabricianos
1072 1457 1268 1554 praefixit,
1296 1481 1323 1532 ss

285 1574 449 1650 familias
471 1572 702 1648 Linnaeanas
718 1574 888 1648 retinuit.
905 1613 957 1630 -
970 1571 1057 1648 Kot
1078 1587 1116 1648 et
1129 1575 1293 1666 Punzer,
1317 1575 1323 1648 i

286 1719 403 1798 opere
429 1693 476 1768 de
503 1692 713 1767 vastatione
745 1694 921 1766 arborum
950 1693 1240 1794 aquifolinrum,
1274 1691 1323 1770 lcl

285 1833 515 1892 neumonum
531 1835 684 1914 quoque
704 1810 898 1884 notionem
919 1812 1163 1912 adaugebant.
1221 1820 1267 1890 In
1284 1814 1323 1888 hu

285 1961 401 2038 opere
431 1936 573 2008 Panzer
604 1930 747 2005 insecta
774 1929 960 2008 recensita
988 1934 1208 2010 nominibus
1238 1948 1323 2036 systs

285 2054 433 2129 maticis
448 2050 668 2152 designarit,
691 2049 775 2123 Kob
788 2049 986 2126 historiam
1001 2055 1212 2130 naturalem
1226 2067 1323 2131 corui

285 2173 460 2249 nan-avit.
477 2174 654 2245 -Anno
671 2177 767 2248 1791
792 2170 942 2261 Christ,
972 2172 1011 2247 in
1032 2173 1132 2248 libro
1147 2174 1195 2251 de
1212 2173 1323 2276 Apibu

284 2307 325 2367 et
340 2293 487 2392 Vespis,
504 2289 780 2363 lehneumones
795 2290 974 2366 methodo
989 2293 1204 2368 Liunaeana
1219 2305 1323 2367 tracta

281 2409 364 2499 bat,
405 2411 469 2484 sed
496 2423 646 2510 apteros
671 2405 710 2480 iu
743 2406 926 2483 familiam
965 2413 1199 2514 peculiarem
1240 2409 1322 2488 colli

172 2543 181 2556 '
281 2531 404 2632 gebat,
426 2543 465 2603 et
480 2528 625 2631 species
639 2527 807 2602 familiae
820 2544 985 2618 octavae,
1010 2559 1105 2633 quae
1119 2549 1248 2610 sextae
1262 2530 1322 2604 Liu

282 2651 366 2724 nnei
392 2648 613 2749 respondet,
649 2647 801 2721 nomine
824 2649 1268 2752 Cynipsichueumonum
1286 2649 1322 2722 ds

282 2768 465 2871 signabat.
482 2809 535 2824 -
550 2769 658 2841 huno
676 2774 775 2843 1792
790 2768 956 2858 Olinier,
983 2771 1023 2844 in
1045 2767 1322 2874 Encyclopaedi

281 2889 495 2965 methodica
521 2885 739 2974 Gallorum,
770 2887 839 2961 sub
859 2889 1021 2963 articulo
1038 2890 1322 2966 Ichncumonurl

279 3009 501 3086 methodum
522 3006 774 3082 Linnaeanam
797 3024 964 3097 secutus,
992 3011 1121 3111 plures
1135 3035 1251 3086 novus
1266 3025 1322 3106 sps

281 3129 357 3202 cies
379 3126 627 3204 describebat.
656 3167 709 3182 -
737 3127 856 3203 lliche
882 3151 1051 3229 quoque,
1081 3129 1121 3203 in
1148 3130 1322 3204 Commeu

277 3248 386 3322 tariis
422 3246 622 3321 Societatis
657 3245 892 3345 parisiensis,
934 3247 981 3321 ad
1014 3248 1322 3348 amplificationes

278 3366 427 3466 generis
448 3363 744 3438 lchneumonum
767 3366 1043 3441 contribuebat.
1059 3373 1231 3443 —Anno
1250 3369 1321 3444 179:

277 3485 311 3558 1.
334 3487 375 3558 C.
398 3481 603 3559 Fabricius
626 3485 932 3584 Entomologiam
953 3489 1231 3587 systematicam
1258 3479 1321 3556 ede

278 3600 359 3688 bat,
387 3601 517 3676 multis
541 3606 647 3679 novis
668 3605 884 3707 speciebus,
913 3606 1026 3681 etiam
1046 3608 1084 3680 in
1102 3631 1239 3708 genere
1259 3595 1321 3672 Ich

275 3739 526 3809 neumonum,
555 3738 713 3798 auctam.
729 3767 783 3782 -
797 3725 999 3828 Preysler,
1025 3725 1065 3800 iu
1086 3711 1321 3800 collectanei.

276 3837 475 3914 Societatis
489 3840 719 3933 bohemicae,
734 3846 916 3946 quosdam
932 3845 1206 3920 lehneumoncs
1223 3835 1321 3914 bobo

275 3958 375 4032 miae
393 3959 639 4040 describebat.
655 4007 709 4022 -
722 3969 831 4040 Anno
850 3969 950 4042 1794
969 3965 1148 4040 Mentisss
1178 3964 1321 4036 insecta

274 4099 360 4152 mm
380 4078 507 4162 horst
533 4084 739 4161 nonnullos
759 4083 1035 4160 Ichneumoues
1054 4082 1269 4162 exhibebat
1288 4103 1321 4130 ··
