2666 4812
213 295 290 368 60⁰
609 307 880 366 rcusecuos

600 473 890 554 Varietatess

292 600 326 674 1.
359 591 624 694 segmentisa
653 610 692 672 et
721 604 745 674 3
774 591 897 694 rufin
916 592 1142 698 semoribus
1167 591 1281 693 rufis,

214 719 375 820 posticis
388 722 498 818 apice
510 720 633 816 nigro.
659 755 713 771 -
737 715 907 793 Statura
923 715 1065 816 speciei
1080 715 1279 816 genuinae,

216 849 410 938 segmento
444 833 569 939 primo
600 849 726 910 autem
761 834 990 936 angustiore.
1055 835 1280 936 Longitudo

214 954 458 1039 minearum.
512 955 715 1034 Antennee
734 970 836 1032 totae
859 953 1013 1057 nigrae..
1052 958 1160 1036 Alae
1183 956 1280 1031 sicut

215 1075 257 1151 in
272 1101 374 1156 mare
392 1072 569 1177 genuine.
624 1073 747 1154 Pedes
761 1075 883 1152 dilute
897 1074 987 1163 rufi,
1014 1074 1121 1154 coxis
1141 1091 1182 1152 et
1204 1091 1281 1151 tro·

216 1194 457 1273 chauteribus
479 1191 613 1294 nigris,
641 1194 700 1269 his
722 1195 829 1298 apice
844 1193 978 1284 fulvis;
1004 1196 1145 1295 postici
1161 1196 1279 1272 semo·

215 1325 301 1394 rum
317 1315 571 1416 tibiarumque
591 1314 699 1416 apice
715 1327 784 1392 ne'c
800 1339 876 1390 nou
888 1315 998 1390 tersis
1015 1313 1143 1416 nigris.
1199 1311 1278 1394 Ab·

216 1435 354 1516 deman
374 1435 541 1536 nigrum3
569 1433 772 1536 segmentis
785 1445 811 1516 2
825 1445 905 1516 ets
925 1434 1048 1512 dilute
1067 1435 1181 1528 rufis,
1208 1433 1276 1512 boc

215 1558 386 1660 margine
404 1555 654 1632 fuscescente.

292 1675 536 1756 Individuum
544 1676 751 1782 sencticam
769 1672 966 1778 Sastberg
983 1673 1100 1756 misit.

206 1968 211 1976 ·
294 1923 331 1997 Ξ.
357 1915 575 2019 Segmentis
592 1925 619 1994 2
639 1931 678 1994 et
699 1927 723 1996 5
744 1913 853 2016 rufis.
878 1959 934 1980 -·
957 1913 1184 2016 Longitudo
1205 1912 1280 1992 fere

218 2035 455 2117 Slinearum.
482 2040 688 2117 Antennce
700 2038 762 2113 vel
776 2053 881 2112 totae
895 2034 1042 2135 nigrae·
1057 2035 1121 2112 rel
1137 2035 1278 2126 subtus,

217 2156 390 2234 articulis
409 2166 522 2240 lete
542 2157 729 2262 exceptis,
756 2156 1006 2258 ferrugineae.
1058 2155 1166 2238 Alae
1186 2156 1280 2232 sicut

207 2276 260 2351 in
280 2277 410 2379 specie
428 2275 602 2380 genuina.
655 2277 779 2357 Pedes
800 2279 862 2356 vel
890 2276 990 2353 sicut
1017 2273 1057 2351 in
1084 2301 1192 2354 mere
1220 2302 1280 2378 ge·

218 2396 356 2487 nuin0;
382 2398 446 2476 vel
460 2398 575 2499 nigri,
602 2398 809 2476 anteriores
830 2398 1018 2476 femorum
1032 2396 1144 2498 apice
1158 2396 1279 2474 tibiis-

219 2541 294 2618 que
306 2515 440 2607 fulvis,
467 2518 576 2598 tarsis
592 2545 704 2620 supra
717 2519 849 2610 fuscis,
876 2515 1016 2624 postici
1034 2513 1142 2589 tibiis
1158 2515 1278 2592 medio

218 2636 565 2740 fuscoferrugineis.
611 2637 814 2718 Abderiten
828 2635 1030 2740 segmentis
1045 2644 1072 2714 2
1087 2649 1128 2710 et
1143 2645 1167 2715 3
1182 2639 1276 2725 rufis,

208 2754 417 2836 ¹individuo
443 2784 520 2838 uuo
543 2759 692 2838 macula
719 2758 860 2839 dorsali
891 2781 1007 2858 parra
1032 2754 1273 2844 fuscescente

218 2877 341 2958 altero
360 2877 442 2955 basi
470 2893 510 2961 et
536 2878 719 2960 lateribus
745 2876 852 2957 tertii
876 2874 1012 2978 nigrim
1039 2875 1274 2956 4indiriduo

218 2998 341 3076 altero
360 2999 529 3102 margine
550 3016 736 3078 castaneo,

296 3121 405 3193 Duos
438 3146 577 3210 mares,
611 3143 740 3196 mense
763 3113 940 3219 Augusti,
974 3139 1097 3219 prope
1128 3120 1277 3197 Warm

217 3239 341 3324 bruun
361 3257 402 3323 et
419 3241 618 3324 Curictam
639 3238 678 3320 in
697 3235 868 3344 gramine
887 3251 928 3316 et
946 3235 1098 3318 frutetis
1121 3238 1224 3342 cepi.

293 3491 328 3564 8.
370 3484 576 3584 Segmento
604 3485 743 3570 tertio,
777 3475 1088 3580 margInibuspua
1110 3475 1275 3566 secundi,

218 3601 318 3702 rufis
326 3634 339 3690 ,-
353 3601 576 3704 semoribus
600 3607 743 3701 nigris,
769 3605 910 3678 enticis
931 3595 1067 3674 subtus
1091 3597 1204 3696 rufis.
1229 3637 1274 3656 ·-

215 3724 518 3822 LongitudoitJ,
538 3724 735 3802 linearum.
790 3721 994 3796 Antennae
1013 3716 1075 3798 vel
1095 3732 1202 3796 totae
1222 3717 1274 3796 ei·

213 3869 322 3946 grae,
351 3843 411 3922 vel
424 3843 595 3924 articulis
609 3854 633 3924 3
648 3856 688 3920 et
701 3838 948 3943 sequentibus
964 3837 1095 3918 subtus
1110 3839 1271 3916 sordide·

214 3961 403 4043 testaceis.
429 3963 698 4046 Alcesicutin
711 3987 814 4044 mare
826 3960 1005 4062 genuino.
1037 3958 1271 4042 Pedesmte·

216 4083 335 4166 riores
349 4083 626 4177 testaceosulvi,
654 4083 760 4164 coxis
774 4075 1131 4168 estrochsuteribus
1145 4075 1263 4186 nigris.
