2674 4816
239 333 316 410 tto
639 347 911 405 tcuseumoa

229 517 359 596 basoli
376 515 494 616 nigra.
515 575 516 582 κ
538 512 708 590 Phoros·
720 516 966 617 puncto-'albo
981 515 1079 594 inire
1092 517 1184 594 alas.
1222 515 1293 596 At-

241 639 379 722 domen
399 633 603 736 segmentis
623 644 741 714 2et3
761 634 946 718 fulvisst
962 635 1043 714 basi
1065 663 1210 713 summa
1230 637 1293 712 fra·

238 758 377 859 eisque
401 753 543 830 dorseli
570 755 675 830 rufis.
730 756 996 832 caeterarum
1016 781 1122 834 orare
1139 758 1293 858 genuino

240 892 466 980 congruunt.

242 1060 245 1066 .
317 994 561 1076 Individuunr
595 993 751 1070 unioum
779 1001 1022 1074 austriomtm
1047 995 1162 1076 Doltl
1186 1011 1295 1074 treus·

240 1115 358 1193 misit.
439 1161 442 1170 ,

316 1246 352 1314 3.
408 1235 529 1314 Recio
566 1236 903 1332 nigromoculoto5
954 1241 1133 1315 antennis
1170 1243 1294 1338 nigro,

239 1357 409 1433 articulo
438 1363 456 1430 1
482 1351 620 1432 subtus
636 1354 840 1432 interdurn
868 1352 971 1431 albo.
998 1393 1052 1416 ...
1081 1357 1294 1459 Longanos

238 1465 434 1580 37³*5b
453 1473 657 1550 linearum.
714 1477 845 1576 eaput
874 1474 1000 1577 palpis
1026 1473 1293 1552 sordide-strn-

236 1594 372 1670 minois
387 1607 453 1668 aut
467 1592 601 1681 fuscis3
620 1593 759 1694 clypeo
772 1595 835 1670 vel
848 1595 946 1670 flato
961 1593 1023 1671 vel
1037 1593 1147 1696 nigro
1161 1612 1293 1701 puncto

236 1715 384 1792 laterali
400 1714 515 1801 flav03
543 1713 640 1789 faeie
654 1711 716 1790 vel
731 1712 826 1788 flavo
841 1713 994 1815 ponetis
1017 1713 1166 1792 duobus
1187 1715 1292 1818 nigrb

236 1836 300 1914 vel
314 1835 426 1936 ¹nigro
447 1832 581 1912 orbitis
601 1834 801 1908 oculorum
824 1832 944 1910 flavis.
998 1833 1170 1910 Thorax
1187 1836 1294 1911 inter·

236 1957 326 2032 dum
348 1969 492 2058 puncto
505 1967 572 2030 aut
584 1952 727 2030 lineola
740 1954 827 2028 albe
841 1952 937 2030 infre
953 1953 1054 2030 alas.=
1094 1957 1293 2032 Aturrus-

234 2075 576 2178 sunrotobyalinae3
611 2072 785 2174 stigmate
819 2073 1094 2150 substramineo
1122 2091 1190 2150 aut
1214 2075 1292 2150 ruio

235 2211 298 2272 eut
313 2197 438 2284 fusoo;
466 2195 572 2272 radio
593 2208 634 2269 et
656 2193 852 2294 squamula
866 2194 998 2284 ruscis,
1026 2192 1293 2274 barinterdum

233 2331 377 2419 puncto
407 2316 512 2403 elbo;
539 2314 665 2389 radice
693 2312 907 2413 ferruginea
938 2329 1004 2391 aut
1028 2314 1292 2392 substramina

234 2455 301 2511 aut
322 2437 429 2510 fusca
456 2450 600 2536 puncto
627 2432 725 2508 albo.
779 2433 901 2510 Pedes
928 2433 1135 2509 semoribus
1165 2434 1291 2510 enticis

235 2558 367 2630 subtus
384 2553 497 2628 fulvis
512 2567 577 2626 aut
590 2551 862 2641 fluvitantibus,
890 2545 1010 2626 iarios
1025 2550 1105 2629 fere
1117 2556 1213 2632 totis
1228 2555 1293 2630 tul-

231 2677 305 2762 tis,
333 2671 468 2748 mediis
490 2670 619 2744 subtus
635 2671 696 2747 vel
717 2672 808 2748 totis
822 2673 883 2749 vel
902 2671 1292 2774 epioe-solo'flavicen·

232 2794 334 2870 tibus
369 2807 435 2867 sut
466 2790 599 2880 fulvis,
633 2791 792 2892 pbstieis
820 2791 1012 2870 interdum
1044 2792 1125 2868 basi
1154 2819 1292 2871 summa

229 2915 333 3004 rursu
360 2913 466 2988 tibiis
496 2909 749 2992 anterioribus
776 2911 892 2988 fulvis
918 2925 985 2988 aut
1010 2913 1136 3004 flavis,
1165 2915 1290 2992 mediis

228 3035 420 3114 interdum
439 3047 595 3108 externe
613 3031 748 3122 fuscis,
775 3032 933 3137 posticis
955 3031 1164 3110 rel.diiute
1184 3033 1291 3110 fulvis

226 3173 293 3234 aut
318 3155 409 3231 ruiis
439 3152 548 3258 apice
573 3151 698 3253 nigro,
727 3152 789 3229 vel
810 3151 929 3255 nigris
956 3151 1038 3228 basi
1063 3153 1291 3256 ferrugineas

227 3277 339 3352 tarsis
354 3271 605 3352 anterioribus
621 3271 737 3348 fulvis
754 3286 821 3346 eut
833 3273 935 3363 rufis,
955 3272 1090 3348 mediis
1105 3273 1290 3352 interdurn

227 3396 357 3484 fuscis,
378 3393 537 3496 posticis
554 3390 682 3493 nigris.
711 3389 916 3470 Abdomen
930 3407 1127 3495 segmento
1144 3404 1166 3473 1
1182 3394 1291 3470 inter·

226 3515 317 3592 dum
335 3514 505 3615 margine
522 3512 757 3600 rufescente,
783 3521 905 3596 ωδ
926 3514 1034 3603 rufis,
1063 3518 1089 3592 4
1105 3513 1289 3593 interdum

226 3635 376 3736 angulis
402 3633 533 3709 baseos
555 3632 846 3709 rufescentibus.
963 3701 982 3708 ..

291 3754 415 3827 Unum
433 3753 671 3828 individuum
685 3752 769 3856 cepi
785 3779 914 3828 mense
928 3752 1161 3855 Septembris
1175 3777 1289 3858 prope

228 3871 546 3971 Woelselsgntnd
578 3873 618 3948 in
650 3871 840 3973 Angeliea'
865 3873 1060 3975 sylvestris
1110 3873 1287 3976 quaedam

224 3988 529 4094 pedemontana,
555 3991 721 4093 aliaque,
750 4017 873 4095 prope
891 3992 1194 4073 Siolrersbousrn
1218 3993 1289 4070 oe·

189 4135 191 4143 ⁴
224 4133 343 4190 auom
357 4127 397 4190 et
412 4111 453 4188 in
468 4109 671 4214 Votbynr'a
686 4128 815 4218 capta,
847 4112 942 4194 mibi
954 4115 1174 4194 manna
1188 4127 1285 4192 sunt
