2674 4816
340 358 441 416 rau.
471 340 504 422 1,
531 355 646 414 saon.
675 357 755 412 vrrs.
1006 333 1085 414 496

40 571 50 584 ·
103 525 240 606 Marem
259 547 484 627 garennam
503 549 530 600 u
548 519 716 626 Spionia
737 545 887 600 matun
911 545 1087 600 nonnu-

38 643 180 740 nissvit,
206 651 400 726 tauricum
419 672 446 724 α
466 645 616 724 steven

42 815 46 822 ’
102 823 136 896 2.
161 817 327 898 Pedibus
346 821 508 920 posticis
535 821 651 908 totis,
676 810 936 892 anterioribus
957 816 1087 892 moxi-

38 957 126 1012 mom
140 953 304 1038 purtem,
324 943 458 1038 nigris.
485 979 539 994 -
563 933 786 1038 Longiiudo
804 929 946 1040 3-87,
965 931 1088 1010 linea-

37 1077 119 1130 rum.
172 1055 340 1134 rhomo
366 1055 557 1132 interdum
579 1055 695 1132 etiam
718 1053 860 1130 lineola
881 1051 978 1130 infra
1000 1079 1087 1128 sou·

38 1173 158 1249 tellum
173 1175 269 1253 alba.
316 1175 534 1253 Sentelium
549 1190 674 1251 totum
690 1173 830 1249 album.
878 1171 1089 1276 Ainestig·

38 1295 122 1368 irata
141 1294 244 1372 radio
265 1307 305 1370 et
326 1297 522 1398 squamula
543 1293 793 1398 iuscopiceis,
820 1291 947 1371 radice
959 1291 1086 1368 albida

39 1409 208 1492 interdum
229 1428 376 1518 puncto
404 1411 525 1491 tusco.
580 1414 703 1492 Pedes
722 1409 929 1490 semoribus
951 1411 1087 1490 antitis

40 1531 155 1610 subtus
175 1537 237 1612 vel
257 1533 350 1610 totis
372 1533 435 1610 vel
456 1533 600 1637 apicem
632 1558 761 1610 versus
790 1531 1091 1610 sordidestrami·

41 1651 122 1744 neis,
147 1653 281 1731 mediis
296 1652 358 1730 vel
373 1651 465 1729 totis
483 1651 598 1756 nigris
616 1653 680 1730 'vel
695 1653 826 1730 subtus
841 1653 1090 1730 sordidastra-

40 1771 175 1864 mineis3
212 1771 320 1850 tibiis
350 1771 602 1850 anterioribus
629 1775 762 1850 subtus
788 1773 1091 1850 sordidestrami-

42 1891 123 1982 neis3
147 1893 258 1972 tarsis
272 1891 525 1969 anterioribus
547 1891 926 1983 sordidastramineia,
954 1893 1088 1972 mediis

42 2033 138 2114 supra
151 2011 281 2092 fuscis.
322 2010 526 2092 Atuomen
542 2027 736 2116 segmento
754 2019 772 2090 1
790 2010 852 2086 vel
866 2013 1090 2116 nigro'mar-

42 2127 350 2226 gineruieseente,
372 2135 435 2211 vel
448 2133 535 2210 ruso
549 2132 697 2238 petiolo
712 2129 836 2232 nigr03
862 2134 1090 2228 2-4rufis3

43 2249 126 2326 isal
139 2267 220 2330 toto
236 2252 401 2331 ruinani
415 2251 525 2356 nigro
547 2251 626 2328 basi
641 2249 743 2342 ναΐας
771 2252 868 2329 δνεΙ
883 2267 967 2328 toto
981 2253 1090 2356 nigro

42 2367 92 2442 vel
104 2371 309 2452 ruiodisoo
330 2373 458 2476 nigr03
484 2369 646 2476 inigro.
673 2413 728 2434 ·-
753 2371 914 2450 Caetera
934 2373 1034 2450 sicut
1049 2373 1091 2452 in

43 2507 131 2570 nare
149 2493 329 2596 genuino.

106 2613 346 2692 Individunm
357 2637 480 2718 prope
493 2607 722 2716 Traiectum
737 2611 792 2692 uui
806 2615 990 2694 Moenum
1004 2643 1094 2722 cap·

43 2735 112 2920 {sm
124 2731 171 2810 de
181 2734 350 2841 Heyden
362 2729 582 2823 transmisit,
597 2733 757 2811 alterum
772 2735 1095 2838 pedemontanam

72 2857 188 2932 onettt.

108 3049 141 3120 8.
165 3045 359 3124 Antennis
370 3038 651 3144 subtussuscis.
666 3085 718 3100 -
736 3041 958 3146 Longitndo
972 3045 1096 3142 37,-

44 3159 145 3254 paulo
166 3164 311 3242 altrat
332 3159 464 3238 lineas.
520 3165 650 3268 Caput
670 3161 807 3240 orbitis
826 3165 1025 3242 oculorum
1039 3165 1097 3240 in-

45 3277 177 3358 terdum
192 3279 361 3361 externis
385 3281 504 3360 nullis
526 3281 684 3360 internis
699 3283 896 3360 obsoletis.
950 3283 1099 3362 Assen-

46 3419 107 3473 nne
120 3406 178 3479 val
194 3419 300 3480 totae
321 3400 449 3504 nigrae
472 3402 536 3480 vel
555 3403 687 3480 subtus
705 3403 833 3480 fuscae
847 3400 955 3478 basin
966 3423 1096 3477 versus

47 3512 170 3618 nigrae.
227 3521 398 3600 Thorax
423 3521 523 3597 sicut
549 3521 589 3598 in
616 3549 718 3600 mare
747 3523 930 3626 genuin0,
958 3521 1102 3598 lineola

49 3649 121 3746 ante
143 3642 219 3719 alas
241 3641 433 3719 interdurn
459 3643 617 3719 omnino
645 3643 828 3720 obsoleta.
883 3641 1100 3720 Seuteilum

48 3753 247 3838 retrosum
274 3761 337 3840 vel
368 3763 451 3839 solo
478 3760 587 3867 apice
620 3762 764 3853 album,
800 3761 920 3838 rarius
953 3777 1103 3842 tantum

50 3869 186 3970 punctis
226 3879 375 3960 duobus
411 3881 507 3960 albis
553 3883 765 3988 apiculibus
811 3883 1101 3960 confluentibus.

50 3994 140 4074 Aine
150 3999 475 4107 tumstohyalims
489 4017 555 4080 aut
569 4001 983 4106 subiumatohyalinaa,
1011 4001 1104 4104 atig-

51 4129 138 4195 nats
154 4121 263 4200 radio
282 4138 325 4204 at
342 4123 542 4230 aquamola
559 4123 696 4228 nigrius
720 4123 849 4214 radica
871 4123 998 4204 rarius
1020 4135 1104 4198 tota
