2706 4810
359 365 459 423 nan.
489 349 555 422 111.
582 365 784 421 secunus.
1026 345 1101 434 oet

105 529 362 634 muana
375 530 639 610 bneammvel
651 527 945 634 paulobaesior.
969 501 1105 636 deut

46 652 166 756 palpis
191 668 232 729 et
256 651 488 732 mandibulis
506 653 624 730 fuscis
647 667 713 730 aut
738 649 969 742 stamineis,
1002 679 1107 730 man-

47 771 184 850 dibulis
210 772 320 877 epioe
343 771 464 850 lusco.
525 776 731 854 Antennae
758 774 819 849 vel
846 787 951 850 totae
976 772 1107 852 luceae

44 894 103 970 vel
124 895 258 970 subtus
276 893 689 996 obscurolerrugineae.
744 891 914 972 Tboraae
930 891 989 968 vel
1003 891 1106 970 lineo

43 1012 200 1090 saturali
227 1029 315 1092 ante
335 1013 414 1092 alas
439 1014 681 1103 flavcalbida‚
716 1012 778 1090 vel
799 1011 946 1088 macula
964 1009 1108 1090 dorsdi

43 1131 278 1234 protboraeis
292 1149 477 1212 castanea.
497 1133 714 1214 Scueettnm
728 1131 895 1210 albidum
910 1145 976 1208 eut
987 1147 1109 1210 easta·

41 1279 166 1332 neum.
219 1255 325 1336 Alae
345 1252 541 1359 hyalinae,
569 1255 743 1357 stigmate
763 1267 804 1332 et
821 1251 927 1328 radio
947 1252 1109 1355 pallida·

42 1373 171 1475 piceis,
197 1373 325 1450 radice
340 1387 379 1450 et
393 1375 587 1476 aquamola
601 1371 953 1462 albidostramiueis,
979 1371 1108 1450 accola

5 1565 6 1572 ι
41 1494 345 1597 subtriangulari.
400 1493 524 1576 Pedes
542 1497 632 1585 rufi;
659 1511 847 1574 ursorum
871 1493 1108 1597 postieorum

38 1613 211 1693 articulis
231 1613 341 1720 apice
360 1611 678 1696 subluscescente.
731 1609 936 1695 Addomen
957 1629 997 1692 et
1015 1643 1108 1694 aeu-
1200 1719 1204 1734 Ι

39 1733 120 1814 leus
142 1733 243 1813 sicut
262 1734 303 1810 in
322 1733 452 1816 Isebn.
480 1739 618 1840 pulice.

114 1857 244 1931 Unum
264 1855 521 1948 individuum,
554 1857 670 1960 idque
690 1861 949 1946 aneriacum,
982 1852 1109 1960 palpie

38 1975 270 2052 mandibulis
297 1976 548 2080 antennisque
579 1978 673 2053 totis
698 1977 833 2066 succis,
876 1977 1041 2053 seutella
1068 1989 1109 2052 et

38 2095 189 2172 macule
214 2095 356 2174 dorseli
383 2095 552 2174 thoracis
579 2098 781 2188 castaneis,
820 2093 933 2176 Dabl
959 2122 1109 2173 meeum

36 2214 350 2308 communicante
376 2220 549 2308 alterum,
571 2243 692 2322 prope
705 2215 1004 2296 Sielersbacsen
1018 2242 1109 2320 cap-

36 2349 131 2428 tum,
159 2335 260 2416 Nece
271 2337 321 2416 ab
334 2333 544 2428 Esenbecl,
564 2337 633 2414 sub
649 2337 801 2417 nomine
821 2339 937 2414 Bassi
950 2353 1108 2414 trunca·

36 2465 257 2547 tarteson,
283 2456 331 2533 de
351 2481 429 2560 quc
450 2456 624 2538 conterre
646 2461 742 2540 velis
763 2473 892 2540 notam
912 2456 959 2537 ad
977 2456 1106 2538 Isebn.

37 2575 305 2670 thoracleam,
335 2605 372 2654 n.
393 2585 483 2662 279.

341 2946 416 3010 282.
437 2931 465 3002 Ι.
487 2933 753 3018 mttoltttls.
798 2957 834 3002 n.

241 3102 368 3194 Capitis
390 3105 529 3194 pictoris
553 3103 761 3192 seutelloque
782 3101 886 3186 albis3
915 3103 1055 3194 pedibus
1075 3115 1111 3173 et

240 3203 344 3276 latere
370 3205 479 3276 insero
498 3219 715 3276 antennarum
735 3205 847 3274 fulvis.
890 3227 935 3274 m.

113 3411 287 3491 Statura
314 3427 355 3490 et
372 3414 574 3520 proportio
603 3413 769 3518 partium
797 3413 953 3490 omnino
972 3413 1103 3493 Iseon.

29 3533 233 3612 thoracice'
253 3535 385 3624 maris,
413 3563 450 3612 n.
472 3543 561 3616 279.
578 3539 698 3610 -An
720 3560 799 3608 mas
819 3533 1107 3636 praecedentis?

113 3653 338 3754 Longltado
352 3657 422 3758 374
443 3655 641 3733 linearum.
698 3657 828 3756 Caput
842 3655 978 3757 pulpis,
1006 3681 1111 3728 man-

25 3772 198 3861 dibulis,
226 3773 326 3850 linea
348 3773 589 3852 transversoli
613 3787 765 3850 arcuata
785 3773 930 3877 clypei,
958 3773 1110 3850 orbitis-

26 3917 113 3996 que
134 3891 293 3972 internis
312 3897 531 3984 oculorum,
555 3893 663 3970 albis.
718 3895 924 3971 Antennae
938 3893 1108 3971 articulis

27 4023 50 4092 1
78 4027 125 4090 et
140 4021 166 4092 2
184 4010 313 4116 nigris,
340 4015 586 4118 sequentibus
606 4011 723 4091 luscis
746 4013 880 4092 subtus
893 4013 1110 4093 dilaterusss

21 4132 177 4212 sensim
198 4133 495 4226 obseuriotibas.
554 4135 773 4218 Senecam
800 4137 943 4218 album.
1002 4136 1110 4218 Alae
1270 4131 1273 4138 ⁴
