2704 4806
238 361 262 430 2
529 345 1016 422 ursrourn'cuuruanr.

236 533 499 626 Aristotelem,
527 534 612 626 ubi,
639 531 680 610 in
706 535 746 628 §.
779 543 804 613 6
830 534 967 639 capitis
1001 535 1114 614 XVII
1138 531 1229 610 libri
1265 539 1329 629 V,

237 658 284 732 de
302 654 501 756 bombylio
522 669 560 731 et
583 653 767 755 necydalo
785 655 974 757 loquitur,
1002 653 1255 731 mutationem
1276 669 1330 730 et

236 790 464 879 proventum
480 773 747 849 Ichneumonis
766 773 962 876 cujusdam
979 777 1208 861 observasse,
1235 801 1329 849 nec

236 921 327 971 vero
347 896 436 969 satis
465 894 567 968 clare
590 891 817 992 explicasse,
846 894 911 969 sed
932 893 1025 969 haec
1049 892 1181 995 opinio
1202 919 1328 969 mera

237 1031 295 1090 est
309 1012 523 1116 hypotesis,
553 1011 738 1112 nulloque
759 1028 978 1112 argumento
1000 1013 1109 1086 firmo
1133 1010 1323 1091 suffulta.

237 1137 353 1210 Recte
369 1149 495 1208 autem
511 1131 801 1222 monetStracl,
829 1131 935 1206 illam
957 1133 1193 1209 Piezatorum
1221 1157 1330 1233 spe-

235 1252 350 1342 ciem,
379 1237 491 1353 quarn
512 1249 735 1326 Aristoteles
765 1249 916 1325 nomine
942 1249 1211 1327 Ichneumonis
1237 1252 1328 1332 de-

238 1372 415 1474 signavit,
457 1369 566 1446 nullo
604 1369 717 1443 modo
754 1370 801 1442 ad
841 1383 990 1444 nostros
1029 1368 1326 1452 Ichneumones

236 1490 368 1568 referri
390 1515 518 1593 posse,
547 1488 612 1562 sed
634 1488 822 1589 Spbegem
849 1515 948 1578 esse,
978 1513 1063 1562 nam
1087 1488 1190 1563 larva
1220 1490 1326 1591 ejus

235 1609 336 1685 haud
351 1610 390 1682 in
406 1607 500 1684 rivis
518 1606 642 1682 erucis
658 1605 860 1684 insectisve
875 1609 988 1709 degit,
1005 1608 1069 1682 sed
1083 1607 1327 1688 illeAristo.

236 1728 325 1803 telis
341 1726 575 1802 Ichneumon
594 1752 746 1801 araneas
767 1728 922 1826 perimit
944 1754 1081 1830 easque
1096 1727 1170 1804 lert
1190 1727 1231 1804 in
1249 1735 1327 1809 ni-

237 1849 326 1922 dum
342 1875 462 1936 suum,
477 1846 516 1920 id
531 1846 632 1947 quod
647 1843 747 1919 haud
763 1844 1058 1922 Ichneumonum
1076 1851 1324 1932 nostratium

237 1969 301 2042 sed
317 1966 506 2070 Spbegum
522 1965 693 2040 moribus
710 1965 924 2066 respondet.
940 1985 993 2023 ⁴·-
1014 1967 1092 2040 Nec
1106 1968 1205 2068 apud
1221 1971 1325 2052 Pli-

239 2094 344 2164 nium
368 2087 574 2165 secundum
596 2087 753 2188 vestigia
776 2086 940 2161 notionis
962 2085 1061 2160 circa
1076 2086 1325 2170 Ichneumo.

236 2235 301 2282 nes
318 2209 543 2294 invenimus,
567 2205 632 2280 sed
645 2209 835 2280 Romanus
852 2221 989 2294 noster,
1015 2203 1191 2307 incapite
1207 2207 1322 2292 XXI

234 2325 324 2399 libri
342 2327 408 2414 XI,
430 2325 544 2400 verba
559 2324 639 2423 ipsa
653 2323 866 2398 Aristotelis
884 2324 1049 2426 repetiit.
1077 2367 1129 2381 —
1154 2325 1321 2411 Primus

234 2443 311 2546 qui,
341 2459 462 2546 quout
477 2442 607 2532 sciam,
636 2444 867 2519 evolutionis
882 2442 1179 2518 Ichneumonum
1193 2471 1320 2528 men.

234 2560 375 2639 tionem
391 2562 501 2650 fecit,
529 2561 810 2639 Altis-orandus
832 2579 901 2638 est.
957 2563 1094 2662 Pagina
1114 2571 1203 2651 100,
1232 2569 1320 2648 ubi

231 2681 278 2756 de
291 2683 395 2756 coitu
407 2695 446 2757 et
461 2696 571 2784 partu
584 2681 821 2783 papilionum
836 2683 1044 2771 disseritur,
1060 2697 1192 2755 auctor
1205 2682 1320 2768 baec

231 2801 377 2903 profert
391 2803 522 2877 rerba:
558 2803 794 2878 »Observavi
810 2803 867 2876 bis
883 2827 1044 2891 erucam,
1070 2827 1181 2903 quam
1198 2802 1322 2888 inter

234 2921 442 2998 »brassicas
458 2946 648 3021 ceperam,
676 2923 800 3023 primo
814 2947 948 3022 parere
963 2947 1032 2996 ova
1045 2923 1160 3010 lutea,
1187 2933 1319 3008 tenui

233 3042 375 3116 »etiam
389 3041 558 3116 involuta
573 3042 767 3142 lanugine,
796 3041 918 3142 iisque
934 3041 1045 3114 editis
1060 3041 1100 3115 in
1114 3041 1321 3142 chrysoli-

231 3161 344 3234 sdem
359 3161 593 3250 commutari,
622 3161 763 3237 eisdem
779 3186 855 3262 quo
872 3159 939 3232 illa
954 3157 1075 3235 iuerat
1091 3161 1318 3262 coloribus,

230 3278 366 3354 sluteo
387 3278 500 3356 viridi
523 3292 562 3353 et
579 3279 704 3381 nigro,
733 3294 771 3355 et
792 3280 893 3381 quod
915 3279 1052 3353 mirum
1075 3280 1167 3354 mibi
1191 3281 1321 3366 vide.

230 3399 384 3486 ibatur,
413 3425 459 3473 cx
479 3397 526 3471 iis
548 3398 630 3474 ovis
650 3401 819 3474 volucria
849 3424 1047 3500 erumpere
1069 3400 1318 3489 animalcula

229 3548 247 3586 s
260 3518 353 3592 adeo
367 3517 512 3616 exigua,
542 3533 584 3592 ut
601 3518 721 3594 visum
736 3519 815 3596 lere
830 3517 1142 3618 subterfugerent,
1165 3525 1317 3621 qualia

228 3637 406 3710 »scilicet
420 3636 459 3710 in
472 3637 609 3712 uesicis
627 3639 816 3712 ulmorum
831 3639 989 3741 reperiri
1005 3640 1139 3713 solent.
1186 3639 1316 3734 Qua..

228 3769 345 3829 »tuor
364 3754 552 3831 habebant
575 3757 671 3847 alas,
699 3757 939 3859 Papilionum
955 3783 1077 3848 more,
1105 3758 1169 3832 sed
1187 3763 1316 3848 coire

228 3893 319 3946 »eas
347 3875 640 3952 nonobservavi.
699 3877 839 3952 Colore
862 3893 950 3952 sunt
970 3877 1083 3952 viridi
1106 3903 1149 3950 ac
1171 3877 1332 3980 luteo„

223 3990 345 4066 »atris
365 4017 534 4096 respersa
556 3995 715 4070 maculis
737 4021 916 4098 superne,
945 3995 1092 4071 inferne
1107 4009 1187 4069 tota
1203 4005 1314 4079 sub.

226 4109 399 4187 »lutea«
455 4112 630 4216 Quisque
658 4115 882 4219 perspiciet,
910 4114 1190 4192 Aldrovandum
1217 4117 1312 4210 hoo
