2686 4814
396 377 498 432 ran.
528 361 562 444 1,
591 377 706 430 rear.
738 379 787 432 vr.
1047 365 1125 442 879

82 537 179 618 Irin
194 539 394 622 Sebaefferi
408 545 513 620 Iron.
534 541 609 620 tat».
629 551 720 634 188,
747 543 808 646 fig.
822 549 860 624 7.

81 659 176 738 Irin.
196 669 424 742 sarcitortna
441 663 577 740 Sulzer
598 665 742 741 Kenna.
767 663 843 742 tab.
864 671 929 756 18,
957 665 1019 768 fig.
1037 667 1123 747 11⁵.

124 837 144 870 „
193 783 320 859 Cbriat
334 785 409 860 tab.
427 789 495 872 84,
524 783 585 884 fig.
601 789 656 860 6.

79 901 176 978 chn.
199 911 436 980 armatorius
455 903 610 978 Forater
631 929 668 977 n.
683 911 746 981 82.

121 1077 142 1112 „
190 1024 296 1100 Roaai
321 1053 356 1100 ιι.
380 1029 475 1111 7523
501 1021 541 1096 in
563 1019 685 1096 hortis
707 1021 885 1124 ireqnem
906 1023 968 1122 (in
986 1024 1128 1103 deacri-

9 1119 11 1230 1
273 1141 404 1248 ptione
424 1167 496 1246 pro
527 1141 736 1217 »abdomen
756 1165 1037 1246 eompreaaum«
1059 1171 1130 1250 po.

9 1243 11 1344 1
274 1265 352 1338 tina
377 1263 587 1338 »abdomen
606 1260 976 1364 depreniusculumt
1000 1265 1131 1368 legen·

9 1375 10 1378 ¹
273 1383 364 1459 dum
385 1385 478 1482 eat).

77 1499 174 1580 leba.
194 1502 467 1582 dimicatorinr
485 1503 573 1580 Gm.
591 1501 649 1578 ed.
666 1499 777 1580 Linn.
794 1529 833 1608 p.
849 1511 963 1598 2680,
987 1533 1023 1584 ιι.
1042 1515 1128 1590 108.

76 1623 173 1701 Irdn.
193 1630 426 1726 nugatorius
444 1621 596 1700 Thunb.
620 1622 726 1701 chn.
748 1627 837 1705 fiat.

9 1735 11 1836 1
75 1743 173 1822 Iclan.
195 1743 419 1825 bidentatua
437 1742 588 1822 Olivier
606 1770 643 1847 p.
662 1751 753 1834 172,
782 1773 818 1822 n.
835 1751 898 1826 10.

9 1887 11 1962 i

318 2047 457 2126 Nota:

141 2221 202 2298 De
220 2219 364 2296 femina
383 2217 573 2324 deacripta
602 2216 725 2295 adhuc
750 2216 889 2296 dubiua
912 2243 1013 2312 aum,
1041 2217 1137 2298 num

9 2431 10 2434 Ἴ
76 2361 153 2416 vera
166 2337 284 2444 hujus
299 2339 412 2416 maria
427 2339 566 2418 semina
582 2339 642 2430 ait,
664 2355 823 2442 propter
837 2339 1134 2418 metathoraeem

76 2461 255 2538 muticum
280 2473 320 2538 et
337 2461 526 2564 picturam
545 2453 785 2538 differentem
810 2457 976 2538 thoracis
1004 2477 1045 2540 et
1067 2463 1134 2540 ab·

75 2575 243 2658 dominis.

144 2699 262 2799 Quod
275 2699 323 2778 ad
335 2723 544 2802 synonyma
557 2695 688 2790 maria,
714 2695 810 2776 baar
827 2702 1015 2780 monenda
1028 2718 1135 2782 aunta

77 2816 211 2898 Omnea
239 2835 431 2911 auctores,
458 2817 524 2924 qui
545 2821 653 2898 lehn.
664 2821 948 2924 snseintora'nm
968 2821 1137 2900 Fabricii

74 2956 306 3042 receperunt,
324 2940 437 3018 verba
449 2941 484 3044 ej
491 2965 533 3016 ua
545 2941 659 3018 etiarn
675 2941 871 3016 immutata
885 2937 1137 3036 retinuerunt,

75 3075 290 3160 »tegmento
323 3061 490 3138 racundo
522 3059 621 3152 bari,
656 3061 773 3137 tertio
805 3073 991 3163 sextoque
1017 3059 1137 3150 flavia,

76 3179 228 3278 »quinto
258 3181 425 3282 margine
447 3181 584 3256 flavos
635 3179 739 3258 Mihi
762 3193 889 3256 autem
914 3203 1137 3281 perauaanm

76 3312 136 3387 eat,
150 3297 382 3392 Fabricium,
395 3325 481 3376 cnm
494 3299 679 3402 segmenti
695 3297 848 3402 septimi
862 3297 1006 3374 nullam
1021 3295 1138 3375 iaciat

75 3421 318 3510 mentionem,
351 3419 427 3496 boe
459 3446 531 3523 pro
564 3435 691 3511 texto,
725 3431 874 3496 textum
905 3433 1036 3498 autem
1065 3443 1138 3524 pm

76 3538 203 3636 quinto
223 3539 413 3616 habuisse.

145 3661 238 3736 lcon
254 3657 362 3740 chn.
376 3665 580 3740 territorii
594 3657 755 3738 Gbriatii
775 3685 798 3736 e
821 3657 969 3736 Sulzeri
991 3661 1136 3738 Kanna.

76 3790 238 3854 mutuata
261 3793 335 3870 eat,
364 3781 540 3882 neglecto
558 3795 687 3858 tamen
710 3779 875 3856 aeutello
893 3779 1004 3858 flavo.
1058 3783 1141 3858 De·

79 3895 231 4000 scriptio
257 3913 384 3977 antem
406 3899 600 3979 [abaciam.
623 3903 840 3990 territorii,
868 3925 980 4003 qnam
1008 3899 1141 3976 Christ

79 4034 112 4112 P·
127 4019 353 4110 8441011111,
381 4019 483 4097 band
502 4021 550 4096 ad
566 4019 663 4097 hane
678 4019 863 4124 aperiam,
890 4023 956 4098 red
969 4021 1017 4096 ad
1029 4021 1138 4098 ΙοΙιιι.

79 4145 322 4222 territorium
338 4139 475 4224 Linnei
490 4141 737 4244 (nmtrnmn.
749 4143 856 4242 105),
871 4137 1003 4220 referri
1016 4140 1140 4219 debet.
