2658 4806
206 299 285 376 252
606 306 880 366 acaunumon

624 475 865 553 Varietate

289 624 323 698 1.
357 615 535 694 Seutello
565 628 711 719 puncto
744 615 891 715 cpicolr’
921 605 1023 687 alto.
1059 635 1110 656 -
1139 592 1253 692 Caput

208 735 362 843 punctis
382 734 531 810 duobus
553 731 681 836 clypei
703 731 913 833 orbitisque
934 719 1128 800 oculorum
1151 711 1253 785 iuter·

212 859 270 933 nis
290 854 399 932 albis.
439 853 644 931 Antennue
657 851 819 926 articulo
837 859 855 928 l
873 846 1005 923 subtus
1021 849 1157 944 puncto
1169 826 1251 910 alb02

212 974 384 1054 articulis
403 975 565 1052 11-15
579 972 675 1048 albis
689 970 821 1047 subtus
837 966 988 1046 macula
1000 959 1113 1055 fusca.
1138 945 1253 1029 Tibiae

214 1097 361 1172 &Uticae
375 1095 500 1181 albae,
531 1119 695 1196 superne
709 1091 854 1192 nigrae,
880 1085 1028 1166 mediae
1042 1079 1179 1180 nigrae,
1206 1064 1252 1138 in·

214 1216 355 1294 fernen
372 1213 497 1288 medio
513 1213 559 1287 ad
576 1213 686 1290 basin
700 1237 820 1314 usque
834 1210 959 1297 albae,
987 1199 1151 1309 posticae
1164 1183 1251 1264 utu

214 1335 324 1441 apice
345 1333 466 1434 nigro.
522 1333 680 1410 Caetera
703 1333 803 1410 sicut
822 1330 862 1406 in
883 1325 1012 1434 specie
1034 1314 1191 1424 genuina.

317 1451 463 1528 Marem
508 1453 664 1530 unicum
709 1451 814 1557 cepit
852 1478 879 1530 c
916 1435 1122 1553 Stillsrr'ed
1153 1439 1248 1534 Ρῐθᾩθ

216 1569 464 1675 Hirsctterg.

610 1863 891 1966 Synonyma:

219 2034 329 2114 Ichn.
351 2039 539 2140 pistorius
557 2033 686 2112 Musei
704 2031 964 2134 Hellwigiani.

218 2157 329 2238 Ichn.
350 2159 571 2238 molitorius
590 2155 757 2231 Schrauk
776 2154 889 2230 Boica
911 2181 946 2232 n.
966 2154 1087 2234 2072,
1113 2157 1184 2216 var·
1198 2149 1226 2200 t·

474 2459 611 2536 Nota:

299 2630 398 2708 Huic
423 2629 564 2734 speciei
584 2629 708 2708 affinis
728 2649 787 2710 est
807 2611 1259 2712 Ictn.m01rtorius1’anr.

222 2753 254 2828 F
256 2777 340 2827 aun.
364 2751 476 2842 XIX,
504 2749 580 2827 tab.
606 2760 672 2845 16,
700 2755 766 2857 qui
786 2768 925 2842 autem,
953 2753 1003 2826 ob
1027 2755 1139 2848 caput
1157 2743 1261 2810 totum

223 2872 372 2974 nigrum
395 2887 434 2948 ct
456 2888 597 2976 puncta
619 2875 705 2950 alba
728 2875 775 2948 ad
792 2873 958 2948 radicem
980 2873 1123 2946 alarum
1150 2856 1262 2932 incon-

222 2993 363 3098 spicua,
388 2961 1262 3096 potiusadseminamletneumonndelirmorii

222 3112 356 3190 referri
375 3113 505 3201 debet,
534 3139 761 3220 quamquam
784 3129 925 3190 statura
947 3128 1028 3188 tota
1048 3123 1088 3188 et
1107 3107 1264 3178 anunnt-

223 3259 308 3310 rum
328 3233 575 3336 proportione
598 3235 735 3310 melius
757 3260 844 3308 cum
861 3241 1027 3338 pistorio
1048 3213 1222 3325 congruit

159 3379 161 3383 ·
301 3354 457 3429 Femina
473 3352 586 3454 hujus
601 3353 755 3456 speciei,
779 3368 920 3431 statura
934 3370 1007 3430 etc.
1025 3345 1261 3429 omninocon·

225 3472 328 3575 gruit
362 3500 448 3548 cum
481 3472 622 3550 semina
647 3473 928 3552 ΙεΙυιειιηιοιιιζςἱ
944 3467 1180 3554 deliratorii,
1206 3466 1264 3552 Pf⁰

223 3592 333 3694 cujus
347 3593 528 3668 varietate
540 3617 624 3668 earn
639 3591 833 3684 haberem,
861 3593 935 3671 nisi
955 3594 1101 3697 pictura
1121 3561 1264 3658 thoracis

223 3711 405 3790 differret.
461 3713 522 3788 Ob
542 3713 730 3816 picturam
750 3713 916 3791 thoracis
936 3714 1029 3794 haec
1049 3683 1265 3792 semimqui·

223 3833 401 3912 demtum
414 3833 578 3910 maribus
593 3833 817 3914 deliratoru
831 3861 944 3938 quam
955 3833 1116 3911 muribus
1129 3803 1265 3928 pistorii

222 3953 329 4058 jungi
350 3969 496 4059 possen
523 3955 733 4034 sinautem
764 3955 843 4032 illis
869 3955 1083 4058 jungerem,
1110 3937 1263 4020 feminae,

221 4075 297 4179 jam
326 4103 412 4154 cum
440 4073 671 4154 deliraturro
698 4075 945 4176 conjunctae,
980 4075 1115 4153 viduae
1139 4059 1262 4140 carenti
