2698 4802
236 341 308 415 104
635 358 905 412 rennuunon

311 519 463 624 Species
495 511 719 613 nonnullae,
748 509 948 600 abdomine
967 514 1138 619 longiore
1154 521 1190 586 et
1208 527 1277 605 gra·

235 643 388 731 ciliore,
416 644 724 720 melchanum.
752 643 972 735 bilineatus,
1000 642 1177 740 clericas,
1201 647 1277 701 acu·

236 783 316 852 tus,
352 767 601 854 cantellator,
633 763 895 854 subsericam,
922 761 1167 864 nigritarius,
1192 765 1278 820 mar·

233 887 421 986 ginellas,
454 883 638 984 imprimis
672 911 809 973 mares,
847 885 1005 987 propius
1039 872 1213 953 accedunt
1240 855 1277 932 ad

224 1009 413 1110 familiae
428 1011 580 1092 tertiae,
607 1030 674 1078 seu
688 1002 938 1094 lscdnoram,
966 976 1276 1106 speciesantennis

238 1125 473 1229 pedibusque
488 1124 733 1198 crassioribus
753 1122 961 1202 distinctas.
988 1165 1043 1183 ·-
1067 1113 1187 1194 Aliae,
1211 1120 1276 1195 ⁸08·

240 1260 369 1321 mento
404 1243 528 1345 primo
561 1242 744 1332 laeviora,
780 1244 927 1344 petiolo
962 1241 1101 1321 sensim
1132 1227 1274 1303 dilatato,

241 1366 433 1464 simulque
466 1363 592 1438 areola
626 1364 917 1465 subtriangulari
951 1361 1080 1462 (leba.
1116 1353 1275 1428 larvatus,

239 1483 464 1573 bilineatus,
490 1487 642 1572 alacer,
676 1489 842 1583 tristis),
875 1493 1074 1558 transeunt
1101 1471 1145 1546 ad
1171 1461 1275 1542 Meto·

238 1607 379 1706 leptos,
409 1629 474 1678 seu
491 1605 697 1706 familiam
716 1613 882 1708 primam
905 1602 1172 1706 Tryphonem,
1198 1581 1278 1652 illis

239 1749 334 1827 quos
355 1722 469 1799 etiam
490 1723 685 1815 nonnulli,
713 1751 747 1800 e.
770 1751 805 1827 g.
828 1727 1070 1827 Mesoleptas
1089 1698 1278 1820 petiolaris,

241 1843 425 1946 segmenti
453 1843 565 1944 primi
600 1860 707 1948 parte
741 1846 863 1921 antica
896 1831 1093 1946 quadrata,
1126 1833 1277 1905 convexa,

240 1977 398 2065 repente
419 1960 639 2055 incrassata,
668 1964 714 2039 ad
729 1963 1004 2039 Ichneumones
1027 1951 1178 2066 propias
1194 1953 1279 2013 acce·

239 2083 345 2159 dunt.
383 2124 436 2141 -
467 2086 590 2183 Trogi
622 2084 941 2160 Ichneumonibus
977 2077 1172 2186 perallines
1198 2060 1277 2132 sunt,

240 2230 310 2280 neo
335 2202 408 2278 nisi
441 2204 605 2278 scutello
631 2205 980 2281 alte-tuberculato
1007 2189 1277 2292 distinguuntur.

240 2321 443 2410 Nonnulli,
477 2323 641 2396 scutella
672 2325 797 2397 minus
832 2325 997 2413 elevato,
1033 2313 1161 2400 habita
1186 2294 1279 2375 ctiam

240 2454 337 2527 toto,
363 2439 482 2514 lorma
497 2441 745 2542 proportione
762 2457 801 2517 et
813 2443 943 2518 colore
962 2435 1141 2547 corporis,
1168 2405 1280 2498 alerii

243 2556 378 2659 Trogis
418 2558 673 2662 (lapidatore,
715 2563 876 2664 vulpino
910 2566 1003 2662 etc.)
1039 2548 1281 2648 discrepantes,

242 2705 277 2756 v.
308 2703 340 2753 o.
375 2681 442 2753 Tr.
467 2677 732 2773 flavatorius,
766 2686 1003 2760 luteioentris
1034 2699 1107 2760 etc.
1141 2655 1282 2744 medium

244 2798 350 2901 quasi
371 2813 502 2872 tenent
523 2799 623 2875 inter
641 2802 753 2877 ambo
766 2830 913 2903 genera.
968 2806 1064 2879 Sunt
1086 2814 1170 2874 vero
1189 2775 1283 2856 etiam

245 2920 345 2993 inter
362 2917 637 2995 Ichneumones
663 2923 870 2998 nonnullae
890 2925 1053 3025 species,
1082 2946 1113 2994 e.
1137 2937 1169 3013 g·
1191 2890 1280 2977 Idm·

245 3046 456 3129 oratorius,
468 3039 944 3133 flaoolineatus‚·scutello
959 3037 1192 3117 convexione,
1205 3015 1284 3089 Tffl‘

244 3160 300 3262 gis
326 3160 574 3262 propinquae.
602 3201 655 3220 -·-·
679 3165 892 3263 Alomyae,
927 3176 1118 3236 caeterum
1145 3141 1285 3223 phaea-

243 3280 417 3354 monibus
433 3281 581 3371 affines,
609 3283 731 3356 lorma
750 3279 905 3381 capitis,
933 3279 1111 3354 avertice
1128 3261 1208 3346 visi,
1233 3269 1284 3321 ³¹¹*

244 3398 422 3500 gustioris
451 3401 635 3502 longioris
659 3397 858 3498 aequilati,
887 3399 1183 3501 distinguunt-art
1208 3371 1284 3452 licet

245 3516 346 3591 enim
362 3516 469 3593 leba.
486 3521 750 3595 canaliculato
765 3532 880 3618 caput
895 3521 1039 3594 collum
1061 3529 1184 3595 versus
1202 3495 1263 3570 ¹¹³⁰

244 3651 480 3736 angustetur,
516 3637 626 3712 utin
655 3636 814 3738 reliquis
847 3640 1110 3741 cospeciebus,
1144 3623 1285 3736 attamen

245 3756 345 3830 haud
368 3757 802 3860 subcubico-globosum
823 3774 896 3847 est,
928 3761 1026 3835 utin
1048 3742 1220 3849 Alomyis·
1244 3755 1286 3782 ’“

244 3877 485 3979 Hoplismeni
513 3878 703 3978 (familia
722 3879 892 3956 secunda
913 3871 1168 3983 Cryptorum)
1196 3853 1284 3960 parte

243 3997 367 4072 antica
395 3997 578 4099 segmenti
607 4000 720 4100 primi
747 3999 870 4074 minus
905 4016 1060 4101 repente
1095 3979 1283 4070 incrassat&

243 4117 354 4196 lineis
374 4117 479 4194 illius
501 4118 685 4222 segmenti
707 4118 831 4195 minus
851 4119 1026 4210 elevatis,
1054 4098 1286 4194 antennislt·
