2666 4812
347 361 450 416 rust.
478 347 513 432 Ι,
548 357 666 416 saur:
691 365 727 420 x.
993 349 1071 424 att

332 649 407 720 265·
450 641 762 712 imitation.

209 811 497 894 Abdomineruio,
521 813 741 904 apicenigro‚
765 835 829 882 auo
844 811 938 898 aibo;
961 815 1072 884 semo-

207 913 299 980 ribus
313 927 346 982 et
358 914 449 982 tibiis
463 915 560 998 ruiis;
574 929 791 982 antennarum
804 916 928 984 annulo
943 915 1031 985 albo.
1044 917 1069 992 Γ.

87 1115 304 1221 longitudo
320 1122 518 1219 νίς-57,
539 1121 737 1200 linearum.
793 1126 924 1226 Caput
943 1123 1069 1228 palpis

25 1229 141 1328 fuscis,
171 1241 398 1318 mandibulis
426 1242 671 1345 ferrugineim
704 1243 839 1318 orbitis
868 1245 1069 1322 oculorum

25 1357 273 1460 occipitalibus
302 1363 363 1440 vel
387 1363 566 1440 tenuibus
594 1361 690 1436 albis
718 1363 779 1438 vel
814 1363 898 1438 solo
924 1381 1068 1466 puncto

25 1473 109 1554 albo.
134 1485 336 1560 Antennue
348 1483 517 1584 corporis
534 1482 681 1557 dimidii
696 1483 945 1584 longitudine,
960 1483 1069 1587 apios

24 1617 180 1679 curvatae
199 1619 266 1679 aut
281 1601 486 1692 involutae,
514 1601 685 1678 articulis
700 1611 827 1684 8-13
840 1603 901 1681 vel
919 1611 1069 1685 10-13

25 1715 129 1793 tribus
142 1723 324 1800 lateribus
342 1723 451 1798 albis.
500 1723 924 1825 Tdoroxeylindricua.
964 1727 1070 1803 Aina

23 1833 227 1944 plerumque
241 1857 432 1945 angustae,
452 1843 642 1924 interdum
658 1845 878 1933 mediocres,
906 1843 1069 1921 sumato-

23 1947 194 2053 hyalinaet
222 1963 398 2066 stigmate
412 1965 517 2040 radio
531 1979 570 2043 et
585 1963 780 2066 squamula
795 1964 922 2054 inscia,
939 1967 1066 2042 radice

23 2067 111 2154 fusca
129 2097 192 2157 aut
211 2101 397 2175 testacea,
424 2084 552 2161 areola
578 2083 870 2184 subtriangulari
892 2099 956 2159 aut
978 2085 1067 2160 sub-

24 2195 353 2306 quinqueaaguluri.
413 2205 537 2284 Pedes
560 2204 818 2294 crassiusnuli,
846 2205 935 2293 rufi,
961 2205 1065 2281 noxis

24 2325 54 2386 et
64 2321 359 2400 trochanteribus
375 2323 502 2426 nigris,
530 2325 634 2400 tibiis
649 2324 808 2426 posticis
823 2324 931 2428 apice
945 2325 1065 2427 nigro,

22 2427 208 2519 semoribus
247 2443 439 2521 interdum
478 2447 625 2521 macula
665 2443 919 2536 fuscascente,
959 2445 1065 2522 coxis

22 2555 120 2634 rarius
136 2560 379 2666 nigrobadiis.
433 2563 635 2643 Abdomen
652 2565 984 2666 oblongoovatum,
1003 2591 1066 2640 ea·

21 2671 95 2770 pitis
107 2679 347 2786 thoracisque
361 2683 599 2785 longitudine
614 2701 654 2761 et
668 2684 882 2775 latitudine,
895 2686 956 2762 vel
972 2712 1064 2789 puu-

22 2785 125 2874 lulum
146 2801 298 2879 brevius
320 2817 358 2877 et
380 2803 512 2892 latius3
541 2803 742 2906 segmentis
763 2814 874 2884 1-8
889 2805 978 2880 rufis
999 2821 1065 2882 aut

21 2903 133 3006 fulvia
159 2921 268 3002 4vel
289 2922 415 3022 nigro,
443 2923 524 2998 basi
546 2939 612 2998 aut
633 2923 781 3023 angulis
808 2924 940 2999 baseos
961 2927 1064 3016 rufis,

21 3033 69 3106 vel
81 3051 157 3117 toto
171 3041 274 3130 ruina
303 3044 486 3120 emacula
501 3059 566 3120 aut
581 3059 725 3147 puncto
744 3043 942 3144 marginali
956 3043 1064 3136 albot

22 3151 149 3236 idoneo
161 3177 247 3238 toto
262 3161 362 3238 albo.
417 3165 588 3242 Aculeus
602 3163 843 3239 subexsertus
859 3163 976 3264 niger.

80 3277 273 3360 Indiuidua
291 3281 368 3358 duo
388 3283 473 3385 cepi
496 3311 624 3360 mense
645 3283 759 3358 Junio
780 3282 819 3356 in
842 3281 1065 3384 Hercyniae

21 3393 170 3490 tertium,
212 3402 330 3504 idque
369 3403 585 3492 minimum,
626 3401 822 3505 Subiberg
859 3427 882 3480 e
914 3405 1064 3482 Fenaiu

20 3513 215 3602 transmisit.
673 3533 676 3540 '

386 3743 674 3822 Varietatesa

82 3879 111 3949 1.
144 3877 370 3957 Femoribus
398 3881 730 3980 nigromaculutis.
759 3861 867 3956 fs-
890 3879 1062 3960 Statura

18 3975 158 4072 feminae
184 3999 387 4104 genuinae,
415 4000 616 4078 abdomine
641 4000 831 4077 interdum
858 4005 974 4102 paulo
995 4029 1061 4075 an-

17 4109 174 4197 gustiore.
236 4119 459 4224 Langitudo
485 4118 649 4218 2¹44
668 4121 876 4200 dinearum.
930 4125 1063 4224 caput
