2674 4816
236 306 315 382 508
639 323 908 376 rcuaeuuon

235 487 576 595 quinqueangulari
592 502 665 565 etc.
676 489 959 590 -Longitudo
972 487 1051 566 fere
1066 497 1090 570 3
1104 489 1283 565 lineamm.

235 615 367 712 Caput
388 609 525 692 orbitis
548 609 747 684 oculorum
776 609 953 699 internis,
986 609 1135 685 macula
1160 605 1282 694 faciali,

234 729 373 831 clypeo
393 753 556 829 oreque,
579 728 703 818 flavis,
738 729 846 833 apice
867 729 1169 806 mandibularum
1183 729 1285 803 ferru-

233 848 359 952 gineo.
398 847 603 925 Antennue
616 875 775 954 corpore
791 850 950 925 dimidio
966 849 1083 954 paulo
1097 849 1281 950 longiores,

235 968 368 1044 subtus
390 968 517 1045 fulvae
529 967 691 1045 articulo
718 979 736 1049 1
761 969 861 1048 albo.
917 970 1086 1048 Thorax
1099 969 1281 1046 scutellum

233 1103 274 1164 et
295 1090 385 1165 aloe
405 1088 504 1164 sicut
526 1088 565 1164 in
587 1115 688 1166 mare
709 1090 893 1190 genuin0,
922 1089 988 1164 sed
1011 1089 1205 1190 squamula
1221 1085 1283 1160 ala·

232 1236 317 1284 rum
341 1209 464 1311 nigra,
494 1209 620 1284 areola
643 1208 998 1313 quinqueangulari.
1053 1209 1178 1288 Pedes
1196 1221 1284 1283 ante·

232 1329 353 1404 riores
375 1329 586 1418 straminei,
620 1327 726 1402 coxis
756 1355 826 1404 nec
855 1355 930 1405 non
953 1330 1142 1405 femorum
1163 1344 1201 1405 et
1219 1342 1282 1401 tro·

232 1447 453 1526 chanterum
470 1449 591 1524 latere
604 1447 801 1550 superiore
813 1449 939 1549 nigris,
965 1447 1073 1522 tibiis
1089 1448 1219 1526 mediis
1231 1471 1282 1521 cx·

229 1583 339 1645 terne
354 1566 736 1648 subtuscescentibus.
765 1567 967 1648 Abdomen
981 1567 1281 1670 segmenta-t

231 1689 341 1777 rufis,
368 1689 451 1764 fiet
480 1697 504 1766 6
524 1688 693 1790 margine
719 1703 759 1764 et
777 1689 961 1764 lateribus
982 1690 1083 1766 rufis.

308 1809 390 1881 Hoc
407 1806 655 1898 individuum,
683 1833 805 1910 prope
819 1808 1123 1886 Siclrershuusen
1136 1821 1280 1912 captum,

231 1926 332 2004 Neer
353 1925 403 2004 ob
426 1926 621 2006 Esenbeck
641 1953 789 2006 mecum
812 1929 1121 2009 communicavit.

572 2311 647 2373 2¹2·
693 2302 719 2368 Ι.
744 2302 963 2372 INttuthS.

432 2469 616 2556 segmentis
630 2481 714 2546 2-5
728 2471 911 2539 semoribus
923 2473 1081 2559 tibiisque
1097 2473 1186 2554 rufis,
1202 2467 1276 2538 titiis

430 2572 569 2658 posticis
592 2575 683 2660 apice
703 2577 811 2664 nigr0.
854 2573 1221 2665 Facienssavomaculatn
1240 2571 1276 2636 li·

429 2670 528 2737 ncola
552 2670 627 2739 alba
643 2675 730 2741 infra
750 2674 829 2742 alas.
872 2701 919 2744 m.

305 2878 527 2978 longitudo
548 2878 706 2984 2-27,
741 2883 939 2962 linearum.
1000 2887 1133 2989 Caput
1157 2875 1272 2961 orbitis

229 2997 387 3075 internis
402 3001 769 3090 oculorum,macula
784 3005 925 3096 faciali,
938 3006 1167 3109 plerumque
1178 3001 1272 3078 etiam

226 3119 382 3222 elype0,
409 3122 528 3197 flavia.
582 3125 786 3203 Antemnae
806 3141 1012 3230 porrectae,
1040 3125 1271 3202 subsetaceae,

226 3238 398 3341 corporis
425 3241 664 3343 longitudine
691 3245 754 3322 rel
777 3246 894 3348 paulo
916 3243 1127 3335 breviores,
1161 3243 1272 3320 subtus

224 3359 353 3435 fulvae
369 3376 434 3434 aut
449 3361 834 3454 sordidestramineae,
863 3365 1026 3441 articulo
1041 3365 1166 3467 primo
1178 3364 1269 3436 flavo.

227 3477 396 3556 Thorax
421 3483 617 3582 gibbulus,
653 3483 795 3560 lineola
824 3502 890 3560 aut
911 3500 1055 3587 puncto
1082 3484 1170 3560 albo
1190 3477 1269 3556 infra

224 3596 320 3687 alas3
347 3601 602 3680 metathorace
622 3604 764 3695 scabro,
787 3605 1020 3706 subbispino.
1074 3603 1268 3682 scutetum

223 3718 361 3794 album.
415 3724 519 3800 Aloe
542 3724 779 3826 subamplae,
807 3723 985 3826 hyalinae
1007 3742 1073 3802 aut
1092 3715 1268 3822 snbhyali·

223 3865 309 3926 nae,
337 3838 489 3931 irideae,
518 3846 693 3944 stigmate
708 3861 746 3922 et
758 3845 865 3920 radio
880 3847 1012 3948 piceis,
1040 3847 1165 3922 radice
1177 3843 1264 3920 flava

223 3959 420 4062 aquarnula
434 3962 495 4037 vel
514 3977 594 4038 tota
608 3964 724 4065 nigra,
753 3963 815 4042 vel
830 3984 974 4066 puncto
987 3967 1103 4055 ssavo,
1131 3964 1188 4040 vel
1200 3972 1262 4034 tota

222 4081 335 4170 flam
380 4083 507 4158 areola
548 4085 907 4188 quinqueangulari,
947 4113 1064 4167 nervo
1099 4081 1265 4164 exteriore
