2698 4802
286 371 361 444 lto
634 425 638 434 .
683 383 947 436 munuumou

362 550 533 626 Alterum
556 547 793 625 individuum
807 548 969 626 Richter·
989 549 1093 652 cepit
1113 575 1226 652 prope
1243 551 1278 626 V
1276 576 1317 624 ru·

284 674 500 761 tislouiam,
527 671 687 745 alterum
714 671 885 769 Munger
904 667 1025 774 prope
1050 668 1300 750 Wurmbrunn.

676 885 967 964 Varietates:

285 1000 290 1015 '
362 1035 394 1120 1,
423 1023 915 1113 remoratusannassons‚
944 1022 1103 1126 possins
1125 1017 1317 1114 antran-

285 1146 418 1246 gineis.
447 1188 499 1201 -
531 1145 703 1220 Statura
728 1158 766 1219 et
791 1144 992 1247 proportio
1020 1143 1183 1245 partium
1208 1132 1316 1241 speciei

282 1264 485 1368 genuinae,
522 1264 693 1338 articulis
716 1278 960 1340 antennarum
983 1263 1182 1365 paululum
1201 1255 1316 1356 longio-

280 1387 398 1461 ribus.
425 1428 479 1442 -
502 1380 726 1483 Longituclo
754 1387 909 1482 3-372
937 1384 1137 1459 linearum.
1188 1372 1317 1457 Mundi·

280 1503 396 1582 tutae
427 1503 574 1578 macula
607 1501 822 1604 ferruginea
856 1502 921 1581 aut
952 1503 1123 1579 eborina.
1188 1492 1315 1575 ortua

279 1625 480 1702 oculorum
516 1623 687 1699 internae
722 1622 889 1714 albidue,
917 1623 1109 1700 interdum
1142 1615 1313 1694 obsoletae.

280 1747 486 1823 Antennne
503 1757 654 1831 tenues,
683 1755 870 1834 setaceae,
905 1744 1079 1845 eorporis
1101 1731 1309 1840 longitudino

279 1865 389 1969 apice
403 1878 589 1951 curvatae,
617 1860 789 1938 articulis
807 1869 971 1942 11-14
986 1890 1100 1966 supra
1115 1876 1153 1938 et
1165 1849 1312 1934 lateribus

276 1984 427 2062 albidis.
481 1984 586 2061 Aloe
603 1980 1027 2083 subfnmatobyalinae,
1055 1984 1220 2085 stigmate
1232 1964 1311 2046 radio

276 2120 316 2182 et
344 2101 542 2207 squamula
565 2100 698 2203 nigris,
726 2103 853 2178 radice
872 2102 996 2204 picea,
1030 2103 1155 2180 areola
1177 2095 1311 2188 triangu-

275 2225 360 2304 lari.
419 2220 544 2299 Pedes
570 2221 777 2296 anteriores
805 2221 1138 2326 suscofcrruginei,
1176 2211 1264 2291 coxis
1282 2215 1311 2276 et

275 2340 580 2419 trochanteribus
595 2365 665 2413 nec
681 2364 757 2413 non
764 2341 975 2418 mediorum
989 2341 1191 2419 femoribus
1203 2324 1308 2429 nigris

275 2461 415 2565 postici
451 2458 567 2558 nigri,
609 2483 752 2531 summa
774 2459 852 2534 basi
875 2461 1077 2554 semorum,
1120 2459 1308 2562 plerunque

273 2581 380 2658 tibiis
395 2579 548 2681 apicem¹
556 2603 697 2666 versus,
717 2576 1065 2684 fuscolerrugineis,
1088 2576 1200 2684 spinis
1213 2567 1309 2672 apica-

273 2701 375 2776 libus
399 2698 579 2774 tibiarum
597 2696 835 2800 ferrugineis.

351 2820 456 2896 Hanc
471 2818 692 2897 varietatem
706 2821 842 2895 Comes
855 2817 904 2896 de
915 2799 1306 2924 Hoffmannseggcepit

270 2943 312 3019 in
341 2940 563 3049 Hercynio,
589 2967 660 3044 ego
679 2940 762 3044 ipse
784 2967 905 3044 prope
924 2943 1163 3046 Gottingnm.

663 3165 946 3268 Syuonyma:

269 3303 377 3380 chn.
389 3304 566 3407 sugatur
584 3299 776 3376 Gravenh.
801 3302 976 3393 Uebers.,
1003 3331 1040 3379 n.
1056 3307 1157 3385 atat
1171 3282 1304 3399 pertinet

480 3421 528 3495 ad
548 3419 781 3496 varietatem.

524 3641 657 3715 Nota:

343 3778 406 3850 De
432 3801 522 3852 sexu
543 3776 679 3854 horum
707 3778 989 3858 individuorum
1017 3779 1151 3857 dubius
1180 3769 1298 3844 haereo,

266 3895 494 3998 genitalibus
509 3920 683 3996 prorsum
699 3900 948 3989 absconditis;
977 3916 1148 3984 attamen,
1174 3884 1297 3980 elom?

264 4033 304 4094 et
324 4015 573 4121 proportione
600 4033 864 4112 antennarum,
900 4022 1127 4126 propensior
1152 4032 1238 4087 sum,
1266 4005 1297 4060 θ’

263 4162 333 4240 pro
359 4137 525 4214 maribus
544 4136 692 4216 habere.
