2698 4810
246 333 325 416 274
650 345 921 400 reauauuors

102 529 103 534 ‘
249 514 359 604 Iclm.
375 519 575 621 rapterius
588 509 754 590 Schranlr
768 515 893 590 Austr.
916 541 952 590 n.
967 513 1065 602 696,
1086 519 1125 584 et
1242 505 1246 516 '

299 699 321 733 „
376 636 525 715 Olivier
544 661 581 738 p.
601 640 692 725 164,
720 664 756 711 n.
774 645 817 725 2,
846 661 915 712 neo
937 657 1014 710 uon

298 817 322 854 ‚‚
375 757 542 836 Sehrank
562 754 675 831 Boica
694 783 730 831 n.
753 764 857 835 2076
878 755 1056 856 (excepta
1074 745 1241 826 varietate
1256 745 1286 829 β,

460 903 558 980 quae
586 877 633 950 ad
653 877 762 955 John.
788 883 1007 979 raptorium
1033 885 1193 949 nostrum
1211 888 1287 965 qur·

460 999 563 1099 drat)
600 997 648 1073 ad
682 1013 853 1074 nostrum
885 983 1153 1087 extensorium·
1176 979 1286 1063 referri

461 1133 634 1222 possunt.

298 1301 322 1338 „
372 1237 613 1341 Tsentepohl
634 1237 674 1312 in
695 1236 796 1316 Iside
820 1245 936 1328 1826,
964 1263 1050 1341 pag.
1071 1244 1160 1326 228,
1186 1257 1216 1305 n.
1236 1223 1283 1309 45,

457 1386 535 1438 var.
552 1386 596 1448 ας
623 1357 749 1435 forsan
763 1383 917 1462 quoque
932 1385 1010 1434 var.
1030 1355 1064 1446 b,
1079 1383 1171 1458 qnae
1184 1367 1281 1426 tanen

458 1480 594 1557 eodem
614 1477 701 1580 jure
723 1481 770 1554 ad
790 1479 901 1558 Ichn.
924 1477 1177 1557 bilunulotum
1198 1460 1279 1542 adhi-

458 1601 541 1677 beri
557 1615 698 1702 potest.
740 1600 822 1698 (De
835 1598 1002 1702 genuino
1021 1599 1126 1678 Ichn.
1140 1588 1284 1694 raptorio

458 1724 640 1823 Trentep.
683 1720 857 1798 conferas
898 1737 1030 1799 notam
1068 1719 1116 1796 sd
1146 1726 1285 1792 nostrum

456 1841 707 1944 raptorium).

295 2025 318 2058 „
372 1964 555 2040 Latreille
571 1964 696 2037 Crust.
712 1961 828 2051 XIII,
856 1987 894 2064 p.
913 1969 1006 2052 186,
1035 1990 1070 2040 n.
1090 1967 1151 2040 80.

245 2089 352 2168 Ichn.
369 2083 558 2186 Geoffroy
578 2109 617 2186 p.
634 2089 727 2171 842,
755 2109 792 2156 n.
809 2086 876 2170 49,
904 2108 1019 2183 quem
1043 2083 1237 2173 Fourcroy,
1258 2063 1289 2140 In

457 2205 544 2280 Eut.
562 2205 643 2279 Par.
662 2228 699 2304 p.
716 2209 802 2291 410,
826 2231 863 2276 n.
879 2205 948 2290 50;
977 2204 1089 2282 Icta.
1103 2204 1290 2300 tripunctu-

459 2342 540 2403 tum
557 2323 775 2426 appellavit,
805 2349 825 2396 a
846 2323 1023 2424 plurimis
1040 2317 1244 2399 auctoribus
1257 2305 1291 2382 sd

458 2447 653 2524 Ichneum.
672 2451 910 2552 raptorium,
935 2445 983 2518 ab
1007 2445 1165 2546 Illigero
1188 2447 1290 2510 auten

458 2567 525 2664 (in
548 2564 656 2640 Rossi
685 2567 815 2640 Fauna
841 2566 894 2654 ΙΙ,
923 2590 1010 2666 pag.
1034 2567 1086 2642 56
1111 2577 1149 2639 et
1169 2559 1231 2655 57)
1256 2546 1291 2623 sd

458 2685 568 2762 Ichn.
610 2693 872 2766 extensoriurn
912 2684 1136 2773 adhibetur;
1175 2673 1293 2778 rectius

458 2804 585 2880 forsan
617 2808 664 2881 ad
700 2808 803 2883 hune
835 2806 977 2884 referri
1014 2806 1188 2890 deberet,
1225 2813 1295 2870 cum

459 2925 647 3026 Geoffroy
662 2929 803 3002 coloris
818 2929 891 3002 rufi
904 2928 1040 3004 baseos
1060 2937 1296 3001 antennarum,

458 3054 678 3151 ruptarium
704 3047 991 3151 distinguentis,
1029 3047 1177 3124 nullam
1203 3033 1297 3116 faciat

457 3185 703 3245 mentionem.

246 3287 354 3366 Ichn.
373 3287 577 3366 Schaefferi
595 3293 647 3366 Ie.
664 3289 739 3365 tab.
758 3295 819 3379 48,
836 3289 898 3392 fig.
921 3296 940 3368 1
960 3298 1040 3369 etz
1056 3286 1172 3364 multi
1187 3291 1300 3358 aucto·

404 3467 409 3475 .
454 3437 514 3485 res
557 3409 604 3483 ad
642 3411 839 3487 Ichneum.
875 3418 1143 3488 extensorium
1179 3404 1299 3483 cium

458 3557 478 3604 a
500 3544 630 3606 nostro
650 3529 867 3605 extensorio
889 3545 1015 3606 autem
1030 3531 1222 3631 discrepat
1234 3519 1298 3602 ille,

457 3650 660 3752 segmentis
702 3647 847 3724 ultimis
886 3649 987 3726 haud
1025 3637 1300 3727 albomaculstis

457 3773 523 3846 sed
544 3770 862 3872 albomarginstis.
914 3769 1087 3846 Eandem
1111 3755 1300 3846 Schaeffen'

456 3890 606 3966 iconem
633 3892 728 3966 citat
752 3889 936 3981 Schrank,
964 3892 1005 3966 in
1031 3892 1167 3968 Fauna
1193 3885 1299 3966 Boios,

456 4011 503 4086 ad
524 4011 632 4088 lehn.
646 4018 794 4114 pictum
815 4011 1006 4110 (nostrum
1027 4002 1302 4101 vastatorium),

454 4130 598 4210 Villers
619 4131 890 4238 interrogative
915 4132 964 4210 ad
990 4131 1300 4214 antidotarium
