2706 4810
281 323 358 402 688
648 336 968 396 suernnnnunn

277 531 340 603 pse
353 501 457 580 misit
468 520 521 558 -'-
534 501 631 580 Mus
643 499 816 580 varietati
835 511 853 582 1
869 502 1075 606 respondet
1094 545 1142 562 -
1155 502 1313 580 Feminae

279 620 464 718 pieminis
478 621 653 724 genuinis
667 621 885 723 discrepent
898 631 1013 702 coxis
1022 629 1183 727 posticis
1196 629 1313 723 nigris,

278 748 454 820 antennis
474 743 628 846 fuscis,
669 741 833 842 indeque
871 743 1008 821 melius
1045 767 1134 820 cnm
1173 743 1313 820 maribus

277 862 452 965 genuinis
473 876 706 963 congruuntc
731 863 935 940 Antennue
951 862 1097 952 suscse,
1127 862 1253 938 subtus
1271 860 1314 934 in·

276 985 427 1063 tendum
440 979 678 1081 ferrugineus
698 995 765 1056 sut
778 979 901 1072 ruine,
927 980 1037 1082 spice
1050 996 1179 1058 antem
1191 1005 1314 1083 semper

276 1117 362 1178 toto
394 1099 611 1201 ferrugineo
642 1113 709 1175 sut
740 1098 861 1176 fusco.
916 1099 1040 1180 Pedes
1068 1103 1163 1191 rufi3
1199 1097 1313 1205 postici

277 1217 382 1296 coxis
415 1217 551 1318 nigris,
586 1217 764 1296 tibiarum
798 1221 925 1323 apice,
958 1235 1222 1328 tsrsorumque
1244 1220 1313 1296 urti-

276 1338 375 1416 culis
402 1347 477 1416 let
491 1342 533 1430 5,
563 1336 834 1440 nigro-fuscis.
890 1341 1048 1420 Caetera
1070 1357 1115 1418 ut
1135 1339 1313 1420 iuieminis

276 1457 463 1562 genuinis.

690 1681 789 1782 Peg.
821 1681 921 1759 155.

286 1779 291 1792 Ι
353 1815 541 1920 Tryphon
577 1815 876 1896 melancholicus
905 1816 1021 1894 etiem
1054 1817 1161 1896 ciros
1199 1818 1311 1916 Nestey

276 1951 409 2040 captus
433 1949 500 2013 est.

689 2156 789 2257 Peg.
822 2165 877 2236 16
889 2164 923 2236 6.

352 2292 542 2399 Tryphon
570 2299 804 2383 succinctus,
835 2293 1082 2396 longitudine
1114 2294 1180 2399 2³4
1217 2295 1309 2370 lines·

274 2441 377 2504 rum,
414 2411 586 2487 antennis
619 2415 711 2489 totis
747 2415 1023 2516 nigro-snscis,
1055 2432 1308 2523 segmentoruu

274 2542 391 2614 2-7
409 2532 639 2634 marginibus
654 2533 790 2612 albidis
802 2534 1053 2626 tenuissimis,
1079 2535 1308 2636 circatvestey

274 2668 408 2758 ceptus
427 2667 496 2728 est.

690 2877 790 2977 Peg.
820 2883 929 2956 22&

282 3089 288 3096 ,
351 3009 576 3116 Tryphonis
601 3017 787 3090 curisursi
813 3009 1209 3114 individunquntuor,
1233 3011 1304 3086 circs

273 3133 419 3236 Netley
451 3131 568 3220 lecte,
610 3129 723 3235 Hope
755 3158 905 3210 mecum
937 3133 1242 3220 communicavit,
1272 3123 1303 3200 sd

274 3259 499 3330 varietatem
530 3261 548 3328 1
573 3250 805 3352 spectantis:
837 3250 1062 3353 Longitudo
1081 3258 1197 3334 s—4
1216 3250 1304 3327 lines

272 3400 368 3470 rum.
424 3368 708 3447 Trocdonteres
740 3369 896 3472 postici,
935 3398 1013 3450 non
1046 3372 1172 3450 solum
1203 3373 1237 3447 in
1263 3364 1303 3440 his

273 3490 479 3568 individuis
514 3488 745 3590 netleyanis,
786 3491 854 3566 sed
892 3517 1048 3595 quoqne
1085 3491 1128 3570 in
1160 3483 1302 3590 reliquis

271 3611 353 3686 bosi
394 3608 491 3712 nigri
531 3623 630 3685 suut.
710 3607 913 3689 Addamus
945 3626 985 3688 et
1020 3627 1247 3715 segmentum
1273 3611 1300 3686 12

272 3730 419 3806 ratione
438 3728 688 3831 longitudinis
705 3744 745 3806 et
758 3730 992 3822 latitudinis,
1018 3733 1081 3810 vel
1103 3759 1186 3810 cum
1203 3721 1300 3833 sperit

273 3849 434 3951 genuino
462 3850 524 3925 vel
557 3876 642 3924 cum
674 3849 858 3927 varietate
885 3853 1074 3954 descripta
1100 3855 1296 3955 congruunt,

273 3970 455 4072 indeque,
484 3967 553 4041 hnc
574 3969 736 4060 ratione,
765 3972 914 4048 nullum
938 3987 997 4050 est
1015 3973 1215 4050 discrimen
1225 3971 1297 4043 inter

274 4089 440 4190 speciem
467 4088 669 4189 genuinam
696 4106 737 4167 et
762 4092 982 4186 varietatem
1007 4092 1104 4196 ejus.
1156 4097 1296 4194 Segne*
