<?xml version="1.0" encoding="UTF-8"?>
<!DOCTYPE html PUBLIC "-//W3C//DTD XHTML 1.0 Transitional//EN"
    "http://www.w3.org/TR/xhtml1/DTD/xhtml1-transitional.dtd">
<html xmlns="http://www.w3.org/1999/xhtml" xml:lang="en" lang="en">
 <head>
  <title>
</title>
<meta http-equiv="Content-Type" content="text/html;charset=utf-8" />
  <meta name='ocr-system' content='tesseract 3.04.00' />
  <meta name='ocr-capabilities' content='ocr_page ocr_carea ocr_par ocr_line ocrx_word'/>
</head>
<body>
  <div class='ocr_page' id='page_1' title='image "./ichneumonologia01gravgoog_0114.png"; bbox 0 0 2726 4810; ppageno 0'>
   <div class='ocr_carea' id='block_1_1' title="bbox 429 341 1128 422">
    <p class='ocr_par' dir='ltr' id='par_1_1' title="bbox 429 341 1128 422">
     <span class='ocr_line' id='line_1_1' title="bbox 429 341 1128 422; baseline 0.014 -26"><span class='ocrx_word' id='word_1_1' title='bbox 429 341 483 396; x_wconf 88' lang='lat' dir='ltr'><strong>tn.</strong></span> <span class='ocrx_word' id='word_1_2' title='bbox 511 343 760 402; x_wconf 77' lang='lat' dir='ltr'><strong>surannae.</strong></span> <span class='ocrx_word' id='word_1_3' title='bbox 1076 347 1128 422; x_wconf 73' lang='lat'><strong>07</strong></span> 
     </span>
    </p>
   </div>
   <div class='ocr_carea' id='block_1_2' title="bbox 62 501 1127 824">
    <p class='ocr_par' dir='ltr' id='par_1_2' title="bbox 62 501 1127 824">
     <span class='ocr_line' id='line_1_2' title="bbox 72 501 1127 615; baseline 0.019 -36"><span class='ocrx_word' id='word_1_4' title='bbox 72 527 137 606; x_wconf 73' lang='lat' dir='ltr'><strong>eg.</strong></span> <span class='ocrx_word' id='word_1_5' title='bbox 151 501 389 607; x_wconf 76' lang='lat' dir='ltr'><strong>llellrri&#39;giis.</strong></span> <span class='ocrx_word' id='word_1_6' title='bbox 412 549 466 568; x_wconf 89' lang='lat'><strong>·-</strong></span> <span class='ocrx_word' id='word_1_7' title='bbox 485 505 708 588; x_wconf 78' lang='lat' dir='ltr'><strong>Stemmata</strong></span> <span class='ocrx_word' id='word_1_8' title='bbox 718 537 788 590; x_wconf 87' lang='lat' dir='ltr'><strong>seu</strong></span> <span class='ocrx_word' id='word_1_9' title='bbox 798 515 914 598; x_wconf 80' lang='lat' dir='ltr'><strong>ocelli</strong></span> <span class='ocrx_word' id='word_1_10' title='bbox 924 519 1009 615; x_wconf 88' lang='lat' dir='ltr'><strong>tris,</strong></span> <span class='ocrx_word' id='word_1_11' title='bbox 1023 526 1127 608; x_wconf 75' lang='lat' dir='ltr'><strong>inter</strong></span> 
     </span>
     <span class='ocr_line' id='line_1_3' title="bbox 71 625 1124 752; baseline 0.009 -50"><span class='ocrx_word' id='word_1_12' title='bbox 71 625 237 703; x_wconf 74' lang='lat' dir='ltr'><strong>verticem</strong></span> <span class='ocrx_word' id='word_1_13' title='bbox 257 640 300 702; x_wconf 87' lang='lat' dir='ltr'><strong>ct</strong></span> <span class='ocrx_word' id='word_1_14' title='bbox 313 625 481 705; x_wconf 82' lang='lat' dir='ltr'><strong>frontem</strong></span> <span class='ocrx_word' id='word_1_15' title='bbox 501 627 542 707; x_wconf 89' lang='lat' dir='ltr'><strong>iu</strong></span> <span class='ocrx_word' id='word_1_16' title='bbox 554 631 788 736; x_wconf 76' lang='lat' dir='ltr'><strong>tricugtulum</strong></span> <span class='ocrx_word' id='word_1_17' title='bbox 801 636 1002 743; x_wconf 86' lang='lat' dir='ltr'><strong>disposita,</strong></span> <span class='ocrx_word' id='word_1_18' title='bbox 1029 645 1124 752; x_wconf 75' lang='lat' dir='ltr'><strong>hyt-</strong></span> 
     </span>
     <span class='ocr_line' id='line_1_4' title="bbox 62 743 303 824; baseline 0.008 -4"><span class='ocrx_word' id='word_1_19' title='bbox 62 743 303 824; x_wconf 75' lang='lat' dir='ltr'><strong>lino-nitida.</strong></span> 
     </span>
    </p>
   </div>
   <div class='ocr_carea' id='block_1_3' title="bbox 56 1344 1119 1588">
    <p class='ocr_par' dir='ltr' id='par_1_3' title="bbox 56 1344 1119 1588">
     <span class='ocr_line' id='line_1_5' title="bbox 126 1344 1118 1460; baseline 0.021 -38"><span class='ocrx_word' id='word_1_20' title='bbox 126 1345 354 1435; x_wconf 83' lang='lat' dir='ltr'><strong>Anteonoe,</strong></span> <span class='ocrx_word' id='word_1_21' title='bbox 380 1344 481 1424; x_wconf 77' lang='lat' dir='ltr'><strong>iuter</strong></span> <span class='ocrx_word' id='word_1_22' title='bbox 511 1345 677 1428; x_wconf 83' lang='lat' dir='ltr'><strong>frontem</strong></span> <span class='ocrx_word' id='word_1_23' title='bbox 710 1365 751 1428; x_wconf 88' lang='lat' dir='ltr'><strong>et</strong></span> <span class='ocrx_word' id='word_1_24' title='bbox 781 1351 918 1438; x_wconf 80' lang='lat' dir='ltr'><strong>sociem</strong></span> <span class='ocrx_word' id='word_1_25' title='bbox 943 1359 1118 1460; x_wconf 85' lang='lat' dir='ltr'><strong>insertae,</strong></span> 
     </span>
     <span class='ocr_line' id='line_1_6' title="bbox 56 1461 1119 1588; baseline 0.024 -52"><span class='ocrx_word' id='word_1_26' title='bbox 56 1461 225 1565; x_wconf 75' lang='lat' dir='ltr'>plurimis</span> <span class='ocrx_word' id='word_1_27' title='bbox 248 1489 411 1567; x_wconf 82' lang='lat' dir='ltr'><strong>corpore</strong></span> <span class='ocrx_word' id='word_1_28' title='bbox 432 1466 644 1559; x_wconf 76' lang='lat' dir='ltr'><strong>breviores,</strong></span> <span class='ocrx_word' id='word_1_29' title='bbox 671 1475 866 1554; x_wconf 73' lang='lat' dir='ltr'><strong>nonnullis</strong></span> <span class='ocrx_word' id='word_1_30' title='bbox 889 1478 971 1580; x_wconf 85' lang='lat' dir='ltr'><strong>ojus</strong></span> <span class='ocrx_word' id='word_1_31' title='bbox 989 1481 1119 1588; x_wconf 83' lang='lat' dir='ltr'><strong>longi-</strong></span> 
     </span>
    </p>
   </div>
   <div class='ocr_carea' id='block_1_4' title="bbox 51 1584 1218 4310">
    <p class='ocr_par' dir='ltr' id='par_1_4' title="bbox 51 1584 1218 4310">
     <span class='ocr_line' id='line_1_7' title="bbox 55 1584 1118 1709; baseline 0.024 -53"><span class='ocrx_word' id='word_1_32' title='bbox 55 1584 201 1674; x_wconf 85' lang='lat' dir='ltr'><strong>tudine,</strong></span> <span class='ocrx_word' id='word_1_33' title='bbox 233 1585 428 1664; x_wconf 75' lang='lat' dir='ltr'>rarissime</span> <span class='ocrx_word' id='word_1_34' title='bbox 460 1612 508 1666; x_wconf 85' lang='lat' dir='ltr'><strong>eo</strong></span> <span class='ocrx_word' id='word_1_35' title='bbox 539 1589 748 1692; x_wconf 69' lang='lat' dir='ltr'><strong>longiorem</strong></span> <span class='ocrx_word' id='word_1_36' title='bbox 771 1615 996 1697; x_wconf 70' lang='lat' dir='ltr'><strong>porrectae,</strong></span> <span class='ocrx_word' id='word_1_37' title='bbox 1029 1623 1118 1709; x_wconf 88' lang='lat' dir='ltr'><strong>post</strong></span> 
     </span>
     <span class='ocr_line' id='line_1_8' title="bbox 55 1701 1117 1824; baseline 0.024 -46"><span class='ocrx_word' id='word_1_38' title='bbox 55 1719 208 1780; x_wconf 85' lang='lat' dir='ltr'><strong>mortem</strong></span> <span class='ocrx_word' id='word_1_39' title='bbox 223 1701 375 1806; x_wconf 89' lang='lat' dir='ltr'><strong>saepius</strong></span> <span class='ocrx_word' id='word_1_40' title='bbox 388 1724 565 1785; x_wconf 76' lang='lat' dir='ltr'>curvatae</span> <span class='ocrx_word' id='word_1_41' title='bbox 578 1726 643 1786; x_wconf 90' lang='lat' dir='ltr'><strong>aut</strong></span> <span class='ocrx_word' id='word_1_42' title='bbox 656 1713 868 1806; x_wconf 80' lang='lat' dir='ltr'><strong>involutae,</strong></span> <span class='ocrx_word' id='word_1_43' title='bbox 894 1725 1117 1824; x_wconf 86' lang='lat' dir='ltr'><strong>praesertim</strong></span> 
     </span>
     <span class='ocr_line' id='line_1_9' title="bbox 57 1821 1117 1925; baseline 0.026 -30"><span class='ocrx_word' id='word_1_44' title='bbox 57 1822 271 1905; x_wconf 79' lang='lat' dir='ltr'><strong>insemiuiss</strong></span> <span class='ocrx_word' id='word_1_45' title='bbox 297 1821 496 1913; x_wconf 84' lang='lat' dir='ltr'><strong>filiformes</strong></span> <span class='ocrx_word' id='word_1_46' title='bbox 516 1845 582 1909; x_wconf 87' lang='lat' dir='ltr'><strong>aut</strong></span> <span class='ocrx_word' id='word_1_47' title='bbox 596 1845 782 1925; x_wconf 87' lang='lat' dir='ltr'><strong>setacese,</strong></span> <span class='ocrx_word' id='word_1_48' title='bbox 812 1831 999 1917; x_wconf 80' lang='lat' dir='ltr'><strong>interdurn</strong></span> <span class='ocrx_word' id='word_1_49' title='bbox 1017 1845 1117 1923; x_wconf 88' lang='lat' dir='ltr'><strong>circa</strong></span> 
     </span>
     <span class='ocr_line' id='line_1_10' title="bbox 59 1944 1115 2060; baseline 0.026 -44"><span class='ocrx_word' id='word_1_50' title='bbox 59 1944 214 2020; x_wconf 84' lang='lat' dir='ltr'><strong>taedium</strong></span> <span class='ocrx_word' id='word_1_51' title='bbox 235 1946 690 2048; x_wconf 86' lang='lat' dir='ltr'><strong>sabcompressiusculae,</strong></span> <span class='ocrx_word' id='word_1_52' title='bbox 718 1977 753 2028; x_wconf 82' lang='lat' dir='ltr'><strong>v.</strong></span> <span class='ocrx_word' id='word_1_53' title='bbox 774 1979 807 2030; x_wconf 93' lang='lat' dir='ltr'><strong>c.</strong></span> <span class='ocrx_word' id='word_1_54' title='bbox 831 1957 1115 2060; x_wconf 81' lang='lat' dir='ltr'><strong>Phygadeuonti</strong></span> 
     </span>
     <span class='ocr_line' id='line_1_11' title="bbox 65 2061 1116 2172; baseline 0.023 -36"><span class='ocrx_word' id='word_1_55' title='bbox 65 2061 277 2142; x_wconf 84' lang='lat' dir='ltr'><strong>triaunnlato</strong></span> <span class='ocrx_word' id='word_1_56' title='bbox 298 2081 341 2142; x_wconf 87' lang='lat' dir='ltr'><strong>et</strong></span> <span class='ocrx_word' id='word_1_57' title='bbox 357 2067 577 2146; x_wconf 84' lang='lat' dir='ltr'><strong>Mesosteno</strong></span> <span class='ocrx_word' id='word_1_58' title='bbox 598 2072 929 2172; x_wconf 88' lang='lat' dir='ltr'><strong>compressicorni,</strong></span> <span class='ocrx_word' id='word_1_59' title='bbox 957 2082 1116 2160; x_wconf 87' lang='lat' dir='ltr'><strong>distinc-</strong></span> 
     </span>
     <span class='ocr_line' id='line_1_12' title="bbox 71 2179 1116 2298; baseline 0.026 -48"><span class='ocrx_word' id='word_1_60' title='bbox 71 2179 136 2254; x_wconf 85' lang='lat' dir='ltr'><strong>tim</strong></span> <span class='ocrx_word' id='word_1_61' title='bbox 157 2209 391 2289; x_wconf 75' lang='lat' dir='ltr'><strong>compressae</strong></span> <span class='ocrx_word' id='word_1_62' title='bbox 415 2187 651 2288; x_wconf 84' lang='lat' dir='ltr'><strong>Baryceroti,</strong></span> <span class='ocrx_word' id='word_1_63' title='bbox 681 2191 790 2268; x_wconf 81' lang='lat' dir='ltr'><strong>valde</strong></span> <span class='ocrx_word' id='word_1_64' title='bbox 818 2217 1056 2298; x_wconf 79' lang='lat' dir='ltr'><strong>compressae</strong></span> <span class='ocrx_word' id='word_1_65' title='bbox 1076 2217 1116 2277; x_wconf 89' lang='lat' dir='ltr'><strong>et</strong></span> 
     </span>
     <span class='ocr_line' id='line_1_13' title="bbox 76 2295 1114 2414; baseline 0.034 -46"><span class='ocrx_word' id='word_1_66' title='bbox 76 2295 227 2382; x_wconf 73' lang='lat' dir='ltr'><strong>dilatatae</strong></span> <span class='ocrx_word' id='word_1_67' title='bbox 237 2307 441 2398; x_wconf 84' lang='lat' dir='ltr'><strong>Euceroti,</strong></span> <span class='ocrx_word' id='word_1_68' title='bbox 466 2309 636 2386; x_wconf 80' lang='lat' dir='ltr'><strong>clavat-se</strong></span> <span class='ocrx_word' id='word_1_69' title='bbox 650 2309 883 2414; x_wconf 78' lang='lat' dir='ltr'><strong>Hellwigiist</strong></span> <span class='ocrx_word' id='word_1_70' title='bbox 912 2319 1033 2396; x_wconf 85' lang='lat' dir='ltr'><strong>uudne</strong></span> <span class='ocrx_word' id='word_1_71' title='bbox 1050 2339 1114 2404; x_wconf 87' lang='lat' dir='ltr'><strong>aut</strong></span> 
     </span>
     <span class='ocr_line' id='line_1_14' title="bbox 67 2421 1114 2545; baseline 0.026 -51"><span class='ocrx_word' id='word_1_72' title='bbox 67 2421 308 2522; x_wconf 69' lang='lat' dir='ltr'><strong>pubescentes,</strong></span> <span class='ocrx_word' id='word_1_73' title='bbox 329 2427 448 2504; x_wconf 84' lang='lat' dir='ltr'><strong>rarius</strong></span> <span class='ocrx_word' id='word_1_74' title='bbox 465 2427 675 2530; x_wconf 86' lang='lat' dir='ltr'><strong>pilosellae,</strong></span> <span class='ocrx_word' id='word_1_75' title='bbox 691 2459 727 2509; x_wconf 90' lang='lat' dir='ltr'><strong>v.</strong></span> <span class='ocrx_word' id='word_1_76' title='bbox 739 2459 772 2510; x_wconf 91' lang='lat' dir='ltr'><strong>c.</strong></span> <span class='ocrx_word' id='word_1_77' title='bbox 790 2435 1008 2536; x_wconf 88' lang='lat' dir='ltr'><strong>Xyloaomo</strong></span> <span class='ocrx_word' id='word_1_78' title='bbox 1023 2445 1114 2545; x_wconf 90' lang='lat' dir='ltr'><strong>pili·</strong></span> 
     </span>
     <span class='ocr_line' id='line_1_15' title="bbox 64 2546 1114 2642; baseline 0.023 -24"><span class='ocrx_word' id='word_1_79' title='bbox 64 2546 172 2628; x_wconf 71' lang='lat' dir='ltr'><strong>cornis</strong></span> <span class='ocrx_word' id='word_1_80' title='bbox 206 2546 449 2636; x_wconf 77' lang='lat' dir='ltr'><strong>articulatae,</strong></span> <span class='ocrx_word' id='word_1_81' title='bbox 487 2549 657 2625; x_wconf 72' lang='lat' dir='ltr'><strong>anticulis</strong></span> <span class='ocrx_word' id='word_1_82' title='bbox 696 2561 890 2634; x_wconf 66' lang='lat'><strong>18--602</strong></span> <span class='ocrx_word' id='word_1_83' title='bbox 940 2563 1114 2642; x_wconf 81' lang='lat' dir='ltr'><strong>Articulo</strong></span> 
     </span>
     <span class='ocr_line' id='line_1_16' title="bbox 60 2665 1112 2782; baseline 0.02 -44"><span class='ocrx_word' id='word_1_84' title='bbox 60 2665 187 2763; x_wconf 87' lang='lat' dir='ltr'><strong>primo,</strong></span> <span class='ocrx_word' id='word_1_85' title='bbox 215 2693 284 2743; x_wconf 89' lang='lat' dir='ltr'><strong>scu</strong></span> <span class='ocrx_word' id='word_1_86' title='bbox 298 2666 502 2759; x_wconf 67' lang='lat' dir='ltr'><strong>rudicula,</strong></span> <span class='ocrx_word' id='word_1_87' title='bbox 528 2695 645 2772; x_wconf 85' lang='lat' dir='ltr'><strong>parvo</strong></span> <span class='ocrx_word' id='word_1_88' title='bbox 659 2673 828 2772; x_wconf 83' lang='lat' dir='ltr'><strong>globoso,</strong></span> <span class='ocrx_word' id='word_1_89' title='bbox 858 2677 898 2752; x_wconf 91' lang='lat' dir='ltr'><strong>in</strong></span> <span class='ocrx_word' id='word_1_90' title='bbox 913 2683 1112 2782; x_wconf 90' lang='lat' dir='ltr'><strong>caputim-</strong></span> 
     </span>
     <span class='ocr_line' id='line_1_17' title="bbox 58 2787 1112 2896; baseline 0.02 -40"><span class='ocrx_word' id='word_1_91' title='bbox 58 2808 187 2866; x_wconf 77' lang='lat' dir='ltr'><strong>mcrsos</strong></span> <span class='ocrx_word' id='word_1_92' title='bbox 228 2787 413 2876; x_wconf 86' lang='lat' dir='ltr'><strong>secundo,</strong></span> <span class='ocrx_word' id='word_1_93' title='bbox 453 2815 520 2864; x_wconf 90' lang='lat' dir='ltr'><strong>seu</strong></span> <span class='ocrx_word' id='word_1_94' title='bbox 552 2817 691 2893; x_wconf 88' lang='lat' dir='ltr'><strong>scopo,</strong></span> <span class='ocrx_word' id='word_1_95' title='bbox 730 2795 1011 2896; x_wconf 83' lang='lat' dir='ltr'><strong>subcylindrico</strong></span> <span class='ocrx_word' id='word_1_96' title='bbox 1046 2819 1112 2878; x_wconf 89' lang='lat' dir='ltr'><strong>aut</strong></span> 
     </span>
     <span class='ocr_line' id='line_1_18' title="bbox 56 2904 1110 3018; baseline 0.02 -44"><span class='ocrx_word' id='word_1_97' title='bbox 56 2904 280 2995; x_wconf 86' lang='lat' dir='ltr'><strong>subclarato,</strong></span> <span class='ocrx_word' id='word_1_98' title='bbox 320 2906 440 2984; x_wconf 87' lang='lat' dir='ltr'><strong>rarius</strong></span> <span class='ocrx_word' id='word_1_99' title='bbox 473 2923 603 3000; x_wconf 88' lang='lat' dir='ltr'><strong>ovato,</strong></span> <span class='ocrx_word' id='word_1_100' title='bbox 644 2912 834 2990; x_wconf 86' lang='lat' dir='ltr'><strong>rarissime</strong></span> <span class='ocrx_word' id='word_1_101' title='bbox 869 2917 1110 3018; x_wconf 85' lang='lat' dir='ltr'><strong>subgloboso,</strong></span> 
     </span>
     <span class='ocr_line' id='line_1_19' title="bbox 54 3026 1110 3136; baseline 0.013 -36"><span class='ocrx_word' id='word_1_102' title='bbox 54 3049 194 3127; x_wconf 81' lang='lat' dir='ltr'><strong>semper</strong></span> <span class='ocrx_word' id='word_1_103' title='bbox 211 3026 372 3127; x_wconf 89' lang='lat' dir='ltr'><strong>reliquis</strong></span> <span class='ocrx_word' id='word_1_104' title='bbox 392 3027 575 3126; x_wconf 81' lang='lat' dir='ltr'><strong>crassiore</strong></span> <span class='ocrx_word' id='word_1_105' title='bbox 601 3029 652 3127; x_wconf 92' lang='lat' dir='ltr'><strong>(si</strong></span> <span class='ocrx_word' id='word_1_106' title='bbox 672 3047 852 3111; x_wconf 83' lang='lat' dir='ltr'><strong>antennas</strong></span> <span class='ocrx_word' id='word_1_107' title='bbox 874 3037 1110 3136; x_wconf 84' lang='lat' dir='ltr'><strong>Barycerotis</strong></span> 
     </span>
     <span class='ocr_line' id='line_1_20' title="bbox 56 3145 1111 3252; baseline 0.015 -35"><span class='ocrx_word' id='word_1_108' title='bbox 56 3159 92 3217; x_wconf 88' lang='lat' dir='ltr'><strong>et</strong></span> <span class='ocrx_word' id='word_1_109' title='bbox 108 3145 305 3224; x_wconf 84' lang='lat' dir='ltr'><strong>Eucerotis</strong></span> <span class='ocrx_word' id='word_1_110' title='bbox 323 3146 509 3248; x_wconf 84' lang='lat' dir='ltr'><strong>excipias)</strong></span> <span class='ocrx_word' id='word_1_111' title='bbox 530 3163 569 3223; x_wconf 86' lang='lat' dir='ltr'><strong>et</strong></span> <span class='ocrx_word' id='word_1_112' title='bbox 589 3149 736 3224; x_wconf 89' lang='lat' dir='ltr'><strong>duobus</strong></span> <span class='ocrx_word' id='word_1_113' title='bbox 760 3155 1005 3252; x_wconf 86' lang='lat' dir='ltr'><strong>sequentibus</strong></span> <span class='ocrx_word' id='word_1_114' title='bbox 1026 3156 1111 3233; x_wconf 89' lang='lat' dir='ltr'><strong>lon-</strong></span> 
     </span>
     <span class='ocr_line' id='line_1_21' title="bbox 53 3263 1108 3368; baseline 0.013 -29"><span class='ocrx_word' id='word_1_115' title='bbox 53 3263 164 3362; x_wconf 80' lang='lat' dir='ltr'><strong>giore,</strong></span> <span class='ocrx_word' id='word_1_116' title='bbox 200 3265 320 3342; x_wconf 82' lang='lat' dir='ltr'><strong>tertio</strong></span> <span class='ocrx_word' id='word_1_117' title='bbox 347 3271 386 3342; x_wconf 83' lang='lat' dir='ltr'><strong>ei</strong></span> <span class='ocrx_word' id='word_1_118' title='bbox 411 3283 546 3368; x_wconf 88' lang='lat' dir='ltr'><strong>quarto</strong></span> <span class='ocrx_word' id='word_1_119' title='bbox 580 3265 811 3344; x_wconf 88' lang='lat' dir='ltr'><strong>brevissimis</strong></span> <span class='ocrx_word' id='word_1_120' title='bbox 838 3273 1108 3368; x_wconf 88' lang='lat' dir='ltr'><strong>crassiusculis,</strong></span> 
     </span>
     <span class='ocr_line' id='line_1_22' title="bbox 52 3384 1110 3494; baseline 0.014 -36"><span class='ocrx_word' id='word_1_121' title='bbox 52 3384 269 3490; x_wconf 86' lang='lat' dir='ltr'><strong>plerumque</strong></span> <span class='ocrx_word' id='word_1_122' title='bbox 303 3401 380 3460; x_wconf 84' lang='lat' dir='ltr'><strong>tam</strong></span> <span class='ocrx_word' id='word_1_123' title='bbox 415 3403 517 3464; x_wconf 83' lang='lat' dir='ltr'><strong>arcte</strong></span> <span class='ocrx_word' id='word_1_124' title='bbox 550 3387 721 3464; x_wconf 89' lang='lat' dir='ltr'><strong>connatis</strong></span> <span class='ocrx_word' id='word_1_125' title='bbox 752 3405 794 3464; x_wconf 86' lang='lat' dir='ltr'><strong>ut</strong></span> <span class='ocrx_word' id='word_1_126' title='bbox 818 3416 888 3494; x_wconf 91' lang='lat' dir='ltr'><strong>pro</strong></span> <span class='ocrx_word' id='word_1_127' title='bbox 916 3419 992 3470; x_wconf 93' lang='lat' dir='ltr'><strong>uno</strong></span> <span class='ocrx_word' id='word_1_128' title='bbox 1017 3397 1110 3472; x_wconf 85' lang='lat' dir='ltr'><strong>arti·</strong></span> 
     </span>
     <span class='ocr_line' id='line_1_23' title="bbox 53 3507 1111 3614; baseline 0.013 -35"><span class='ocrx_word' id='word_1_129' title='bbox 53 3507 152 3594; x_wconf 84' lang='lat' dir='ltr'><strong>cstlo,</strong></span> <span class='ocrx_word' id='word_1_130' title='bbox 194 3531 262 3582; x_wconf 88' lang='lat' dir='ltr'><strong>seu</strong></span> <span class='ocrx_word' id='word_1_131' title='bbox 300 3507 511 3610; x_wconf 87' lang='lat' dir='ltr'><strong>pedioello,</strong></span> <span class='ocrx_word' id='word_1_132' title='bbox 559 3508 784 3600; x_wconf 84' lang='lat' dir='ltr'><strong>habeantur,</strong></span> <span class='ocrx_word' id='word_1_133' title='bbox 834 3527 969 3614; x_wconf 88' lang='lat' dir='ltr'><strong>quarto</strong></span> <span class='ocrx_word' id='word_1_134' title='bbox 1011 3541 1111 3592; x_wconf 87' lang='lat' dir='ltr'><strong>sem·</strong></span> 
     </span>
     <span class='ocr_line' id='line_1_24' title="bbox 51 3625 1109 3734; baseline 0.016 -38"><span class='ocrx_word' id='word_1_135' title='bbox 51 3645 115 3722; x_wconf 87' lang='lat' dir='ltr'><strong>per</strong></span> <span class='ocrx_word' id='word_1_136' title='bbox 152 3625 329 3704; x_wconf 75' lang='lat' dir='ltr'><strong>breuiore</strong></span> <span class='ocrx_word' id='word_1_137' title='bbox 373 3653 487 3730; x_wconf 85' lang='lat' dir='ltr'><strong>quam</strong></span> <span class='ocrx_word' id='word_1_138' title='bbox 527 3629 682 3720; x_wconf 83' lang='lat' dir='ltr'><strong>turtius,</strong></span> <span class='ocrx_word' id='word_1_139' title='bbox 729 3632 879 3734; x_wconf 87' lang='lat' dir='ltr'><strong>sscpius</strong></span> <span class='ocrx_word' id='word_1_140' title='bbox 919 3636 983 3710; x_wconf 82' lang='lat' dir='ltr'><strong>rix</strong></span> <span class='ocrx_word' id='word_1_141' title='bbox 1016 3659 1109 3712; x_wconf 89' lang='lat' dir='ltr'><strong>con-</strong></span> 
     </span>
     <span class='ocr_line' id='line_1_25' title="bbox 52 3743 1218 3850; baseline 0.023 -38"><span class='ocrx_word' id='word_1_142' title='bbox 52 3743 200 3841; x_wconf 88' lang='lat' dir='ltr'><strong>spicuo,</strong></span> <span class='ocrx_word' id='word_1_143' title='bbox 236 3748 299 3826; x_wconf 82' lang='lat' dir='ltr'><strong>vel</strong></span> <span class='ocrx_word' id='word_1_144' title='bbox 331 3749 447 3825; x_wconf 82' lang='lat' dir='ltr'><strong>tertio</strong></span> <span class='ocrx_word' id='word_1_145' title='bbox 483 3749 567 3850; x_wconf 86' lang='lat' dir='ltr'><strong>ipso</strong></span> <span class='ocrx_word' id='word_1_146' title='bbox 605 3750 794 3826; x_wconf 87' lang='lat' dir='ltr'><strong>interdum</strong></span> <span class='ocrx_word' id='word_1_147' title='bbox 840 3751 900 3831; x_wconf 82' lang='lat' dir='ltr'><strong>vix</strong></span> <span class='ocrx_word' id='word_1_148' title='bbox 939 3771 1108 3837; x_wconf 72' lang='lat' dir='ltr'><strong>exsertos</strong></span> <span class='ocrx_word' id='word_1_149' title='bbox 1212 3781 1218 3792; x_wconf 87' lang='lat'>&#39;</span> 
     </span>
     <span class='ocr_line' id='line_1_26' title="bbox 53 3863 1108 3975; baseline 0.014 -39"><span class='ocrx_word' id='word_1_150' title='bbox 53 3863 181 3962; x_wconf 89' lang='lat' dir='ltr'><strong>quinto</strong></span> <span class='ocrx_word' id='word_1_151' title='bbox 206 3868 641 3971; x_wconf 75' lang='lat' dir='ltr'><strong>longiorecyliudricos</strong></span> <span class='ocrx_word' id='word_1_152' title='bbox 674 3870 850 3974; x_wconf 88' lang='lat' dir='ltr'><strong>reliquis,</strong></span> <span class='ocrx_word' id='word_1_153' title='bbox 885 3899 998 3975; x_wconf 85' lang='lat' dir='ltr'><strong>quae,</strong></span> <span class='ocrx_word' id='word_1_154' title='bbox 1034 3901 1108 3951; x_wconf 89' lang='lat' dir='ltr'><strong>uua</strong></span> 
     </span>
     <span class='ocr_line' id='line_1_27' title="bbox 53 3987 1112 4094; baseline 0.019 -42"><span class='ocrx_word' id='word_1_155' title='bbox 53 4006 134 4058; x_wconf 91' lang='lat' dir='ltr'><strong>cum</strong></span> <span class='ocrx_word' id='word_1_156' title='bbox 163 3987 315 4089; x_wconf 83' lang='lat' dir='ltr'><strong>quinto,</strong></span> <span class='ocrx_word' id='word_1_157' title='bbox 348 3989 394 4064; x_wconf 87' lang='lat' dir='ltr'><strong>ab</strong></span> <span class='ocrx_word' id='word_1_158' title='bbox 421 3990 505 4066; x_wconf 80' lang='lat' dir='ltr'><strong>aliis</strong></span> <span class='ocrx_word' id='word_1_159' title='bbox 534 3991 785 4094; x_wconf 77' lang='lat' dir='ltr'><strong>entomologis</strong></span> <span class='ocrx_word' id='word_1_160' title='bbox 809 3989 980 4092; x_wconf 83' lang='lat' dir='ltr'><strong>flagello</strong></span> <span class='ocrx_word' id='word_1_161' title='bbox 1005 4019 1112 4073; x_wconf 86' lang='lat' dir='ltr'><strong>com·</strong></span> 
     </span>
     <span class='ocr_line' id='line_1_28' title="bbox 52 4109 1109 4214; baseline 0.01 -33"><span class='ocrx_word' id='word_1_162' title='bbox 52 4121 241 4204; x_wconf 69' lang='lat' dir='ltr'><strong>mrautm,</strong></span> <span class='ocrx_word' id='word_1_163' title='bbox 274 4109 515 4214; x_wconf 68' lang='lat' dir='ltr'><strong>longitudine</strong></span> <span class='ocrx_word' id='word_1_164' title='bbox 539 4111 678 4188; x_wconf 80' lang='lat' dir='ltr'><strong>sensim</strong></span> <span class='ocrx_word' id='word_1_165' title='bbox 703 4112 1027 4206; x_wconf 83' lang='lat' dir='ltr'><strong>decrescentibus,</strong></span> <span class='ocrx_word' id='word_1_166' title='bbox 1042 4117 1109 4192; x_wconf 80' lang='lat' dir='ltr'><strong>=ite</strong></span> 
     </span>
     <span class='ocr_line' id='line_1_29' title="bbox 752 4229 909 4310; baseline 0.019 0"><span class='ocrx_word' id='word_1_167' title='bbox 752 4229 810 4310; x_wconf 54' lang='grc' dir='ltr'><strong>6ἰ</strong></span> <span class='ocrx_word' id='word_1_168' title='bbox 906 4245 909 4252; x_wconf 85' lang='grc'><em>“</em></span> 
     </span>
    </p>
   </div>
   <div class='ocr_carea' id='block_1_5' title="bbox 0 0 1368 4810">
    <p class='ocr_par' dir='ltr' id='par_1_5' title="bbox 0 0 1368 4810">
     <span class='ocr_line' id='line_1_30' title="bbox 0 0 1368 4810; baseline 0 4"><span class='ocrx_word' id='word_1_169' title='bbox 0 0 1368 4810; x_wconf 95' lang='lat' dir='ltr'><strong> </strong></span> 
     </span>
    </p>
   </div>
  </div>
 </body>
</html>
