<?xml version="1.0" encoding="UTF-8"?>
<!DOCTYPE html PUBLIC "-//W3C//DTD XHTML 1.0 Transitional//EN"
    "http://www.w3.org/TR/xhtml1/DTD/xhtml1-transitional.dtd">
<html xmlns="http://www.w3.org/1999/xhtml" xml:lang="en" lang="en">
 <head>
  <title>
</title>
<meta http-equiv="Content-Type" content="text/html;charset=utf-8" />
  <meta name='ocr-system' content='tesseract 3.04.00' />
  <meta name='ocr-capabilities' content='ocr_page ocr_carea ocr_par ocr_line ocrx_word'/>
</head>
<body>
  <div class='ocr_page' id='page_1' title='image "./ichneumonologia01gravgoog_0147.png"; bbox 0 0 2698 4802; ppageno 0'>
   <div class='ocr_carea' id='block_1_1' title="bbox 601 269 873 354">
    <p class='ocr_par' dir='ltr' id='par_1_1' title="bbox 601 269 873 354">
     <span class='ocr_line' id='line_1_1' title="bbox 601 269 873 354; baseline 0 -28"><span class='ocrx_word' id='word_1_1' title='bbox 601 269 873 354; x_wconf 81' lang='lat' dir='ltr'><strong>rcunnouort</strong></span> 
     </span>
    </p>
   </div>
   <div class='ocr_carea' id='block_1_2' title="bbox 280 904 1326 1014">
    <p class='ocr_par' dir='ltr' id='par_1_2' title="bbox 280 904 1326 1014">
     <span class='ocr_line' id='line_1_2' title="bbox 280 904 1326 1014; baseline -0.002 -25"><span class='ocrx_word' id='word_1_2' title='bbox 280 912 410 1014; x_wconf 81' lang='lat' dir='ltr'><strong>Caput</strong></span> <span class='ocrx_word' id='word_1_3' title='bbox 428 905 584 988; x_wconf 82' lang='lat' dir='ltr'><strong>thorace</strong></span> <span class='ocrx_word' id='word_1_4' title='bbox 604 909 719 1011; x_wconf 88' lang='lat' dir='ltr'><strong>paulo</strong></span> <span class='ocrx_word' id='word_1_5' title='bbox 740 905 951 1009; x_wconf 86' lang='lat' dir='ltr'><strong>angustius,</strong></span> <span class='ocrx_word' id='word_1_6' title='bbox 976 904 1279 983; x_wconf 85' lang='lat' dir='ltr'><strong>collumversus</strong></span> <span class='ocrx_word' id='word_1_7' title='bbox 1321 981 1326 988; x_wconf 83' lang='grc'><strong>,</strong></span> 
     </span>
    </p>
   </div>
   <div class='ocr_carea' id='block_1_3' title="bbox 197 1025 1278 4135">
    <p class='ocr_par' dir='ltr' id='par_1_3' title="bbox 197 1025 1278 4135">
     <span class='ocr_line' id='line_1_3' title="bbox 202 1025 1276 1130; baseline -0.002 -24"><span class='ocrx_word' id='word_1_8' title='bbox 202 1029 339 1106; x_wconf 85' lang='lat' dir='ltr'><strong>sensim</strong></span> <span class='ocrx_word' id='word_1_9' title='bbox 368 1043 618 1130; x_wconf 85' lang='lat' dir='ltr'><strong>angustatum.</strong></span> <span class='ocrx_word' id='word_1_10' title='bbox 646 1071 698 1085; x_wconf 93' lang='lat'>-</span> <span class='ocrx_word' id='word_1_11' title='bbox 724 1028 842 1107; x_wconf 81' lang='lat' dir='ltr'><strong>Oculi</strong></span> <span class='ocrx_word' id='word_1_12' title='bbox 871 1025 1029 1105; x_wconf 81' lang='lat' dir='ltr'>convexi</span> <span class='ocrx_word' id='word_1_13' title='bbox 1052 1025 1276 1129; x_wconf 64' lang='lat' dir='ltr'><strong>‘prominuli</strong></span> 
     </span>
     <span class='ocr_line' id='line_1_4' title="bbox 202 1145 1273 1248; baseline -0.005 -22"><span class='ocrx_word' id='word_1_14' title='bbox 202 1151 347 1243; x_wconf 79' lang='lat' dir='ltr'><strong>orales,</strong></span> <span class='ocrx_word' id='word_1_15' title='bbox 383 1149 574 1228; x_wconf 89' lang='lat' dir='ltr'><strong>interdum</strong></span> <span class='ocrx_word' id='word_1_16' title='bbox 602 1147 912 1239; x_wconf 87' lang='lat' dir='ltr'><strong>subreniformes,</strong></span> <span class='ocrx_word' id='word_1_17' title='bbox 945 1146 1114 1248; x_wconf 82' lang='lat' dir='ltr'><strong>margine</strong></span> <span class='ocrx_word' id='word_1_18' title='bbox 1140 1145 1273 1221; x_wconf 86' lang='lat' dir='ltr'><strong>medio</strong></span> 
     </span>
     <span class='ocr_line' id='line_1_5' title="bbox 201 1266 1276 1373; baseline -0.006 -27"><span class='ocrx_word' id='word_1_19' title='bbox 201 1270 353 1347; x_wconf 88' lang='lat' dir='ltr'><strong>interno</strong></span> <span class='ocrx_word' id='word_1_20' title='bbox 370 1269 569 1373; x_wconf 90' lang='lat' dir='ltr'><strong>paululum</strong></span> <span class='ocrx_word' id='word_1_21' title='bbox 585 1283 777 1346; x_wconf 81' lang='lat' dir='ltr'><strong>excavato.</strong></span> <span class='ocrx_word' id='word_1_22' title='bbox 804 1311 857 1330; x_wconf 92' lang='lat'><strong>·-</strong></span> <span class='ocrx_word' id='word_1_23' title='bbox 881 1270 1086 1350; x_wconf 81' lang='lat' dir='ltr'><strong>Antennae</strong></span> <span class='ocrx_word' id='word_1_24' title='bbox 1099 1266 1276 1368; x_wconf 88' lang='lat' dir='ltr'><strong>plerum·</strong></span> 
     </span>
     <span class='ocr_line' id='line_1_6' title="bbox 203 1384 1272 1492; baseline -0.003 -29"><span class='ocrx_word' id='word_1_25' title='bbox 203 1415 278 1490; x_wconf 88' lang='lat' dir='ltr'><strong>que</strong></span> <span class='ocrx_word' id='word_1_26' title='bbox 299 1387 539 1492; x_wconf 83' lang='lat' dir='ltr'><strong>longitudine</strong></span> <span class='ocrx_word' id='word_1_27' title='bbox 559 1403 598 1464; x_wconf 88' lang='lat' dir='ltr'><strong>et</strong></span> <span class='ocrx_word' id='word_1_28' title='bbox 619 1387 787 1465; x_wconf 85' lang='lat' dir='ltr'><strong>crassitie</strong></span> <span class='ocrx_word' id='word_1_29' title='bbox 812 1387 1012 1478; x_wconf 91' lang='lat' dir='ltr'><strong>mediocri,</strong></span> <span class='ocrx_word' id='word_1_30' title='bbox 1042 1384 1272 1465; x_wconf 88' lang='lat' dir='ltr'><strong>submonili·</strong></span> 
     </span>
     <span class='ocr_line' id='line_1_7' title="bbox 201 1505 1277 1611; baseline -0.003 -30"><span class='ocrx_word' id='word_1_31' title='bbox 201 1507 358 1599; x_wconf 85' lang='lat' dir='ltr'><strong>formes,</strong></span> <span class='ocrx_word' id='word_1_32' title='bbox 387 1511 645 1597; x_wconf 86' lang='lat' dir='ltr'><strong>subsetaeeae;</strong></span> <span class='ocrx_word' id='word_1_33' title='bbox 674 1508 837 1588; x_wconf 81' lang='lat' dir='ltr'><strong>maribus</strong></span> <span class='ocrx_word' id='word_1_34' title='bbox 857 1506 1033 1611; x_wconf 89' lang='lat' dir='ltr'><strong>plurimis</strong></span> <span class='ocrx_word' id='word_1_35' title='bbox 1054 1505 1169 1610; x_wconf 89' lang='lat' dir='ltr'><strong>paulo</strong></span> <span class='ocrx_word' id='word_1_36' title='bbox 1185 1530 1277 1606; x_wconf 86' lang='lat' dir='ltr'><strong>gra·</strong></span> 
     </span>
     <span class='ocr_line' id='line_1_8' title="bbox 203 1623 1276 1734; baseline -0.002 -32"><span class='ocrx_word' id='word_1_37' title='bbox 203 1627 356 1706; x_wconf 83' lang='lat' dir='ltr'><strong>cilioret</strong></span> <span class='ocrx_word' id='word_1_38' title='bbox 371 1629 566 1734; x_wconf 87' lang='lat' dir='ltr'><strong>magisque</strong></span> <span class='ocrx_word' id='word_1_39' title='bbox 586 1642 782 1730; x_wconf 77' lang='lat' dir='ltr'><strong>porrectae</strong></span> <span class='ocrx_word' id='word_1_40' title='bbox 802 1654 915 1730; x_wconf 89' lang='lat' dir='ltr'><strong>quam</strong></span> <span class='ocrx_word' id='word_1_41' title='bbox 929 1625 1099 1713; x_wconf 83' lang='lat' dir='ltr'><strong>feminis,</strong></span> <span class='ocrx_word' id='word_1_42' title='bbox 1127 1623 1276 1726; x_wconf 90' lang='lat' dir='ltr'><strong>quibus</strong></span> 
     </span>
     <span class='ocr_line' id='line_1_9' title="bbox 204 1744 1278 1852; baseline -0.004 -28"><span class='ocrx_word' id='word_1_43' title='bbox 204 1763 406 1838; x_wconf 82' lang='lat' dir='ltr'><strong>antennae,</strong></span> <span class='ocrx_word' id='word_1_44' title='bbox 432 1764 521 1852; x_wconf 89' lang='lat' dir='ltr'><strong>post</strong></span> <span class='ocrx_word' id='word_1_45' title='bbox 538 1763 717 1837; x_wconf 88' lang='lat' dir='ltr'><strong>mortem,</strong></span> <span class='ocrx_word' id='word_1_46' title='bbox 745 1746 940 1828; x_wconf 81' lang='lat' dir='ltr'><strong>involutae</strong></span> <span class='ocrx_word' id='word_1_47' title='bbox 961 1747 1025 1824; x_wconf 85' lang='lat' dir='ltr'><strong>vel</strong></span> <span class='ocrx_word' id='word_1_48' title='bbox 1040 1744 1173 1822; x_wconf 88' lang='lat' dir='ltr'><strong>saltem</strong></span> <span class='ocrx_word' id='word_1_49' title='bbox 1188 1771 1278 1820; x_wconf 84' lang='lat' dir='ltr'><strong>ma-</strong></span> 
     </span>
     <span class='ocr_line' id='line_1_10' title="bbox 202 1863 1278 1970; baseline 0.002 -28"><span class='ocrx_word' id='word_1_50' title='bbox 202 1867 259 1970; x_wconf 85' lang='lat' dir='ltr'><strong>gis</strong></span> <span class='ocrx_word' id='word_1_51' title='bbox 281 1883 456 1948; x_wconf 81' lang='lat' dir='ltr'><strong>curvatae</strong></span> <span class='ocrx_word' id='word_1_52' title='bbox 479 1893 560 1947; x_wconf 85' lang='lat' dir='ltr'><strong>esse</strong></span> <span class='ocrx_word' id='word_1_53' title='bbox 582 1869 724 1954; x_wconf 74' lang='lat' dir='ltr'><strong>solent3</strong></span> <span class='ocrx_word' id='word_1_54' title='bbox 752 1865 945 1943; x_wconf 83' lang='lat' dir='ltr'><strong>nonnullis</strong></span> <span class='ocrx_word' id='word_1_55' title='bbox 964 1863 1116 1944; x_wconf 83' lang='lat' dir='ltr'><strong>lerninis</strong></span> <span class='ocrx_word' id='word_1_56' title='bbox 1138 1877 1278 1944; x_wconf 86' lang='lat' dir='ltr'><strong>tamen</strong></span> 
     </span>
     <span class='ocr_line' id='line_1_11' title="bbox 206 1983 1276 2088; baseline -0.002 -22"><span class='ocrx_word' id='word_1_57' title='bbox 206 1987 332 2085; x_wconf 88' lang='lat' dir='ltr'><strong>(lehn.</strong></span> <span class='ocrx_word' id='word_1_58' title='bbox 367 1986 560 2077; x_wconf 88' lang='lat' dir='ltr'><strong>hiliueati,</strong></span> <span class='ocrx_word' id='word_1_59' title='bbox 592 1987 777 2079; x_wconf 80' lang='lat' dir='ltr'><strong>vernalis,</strong></span> <span class='ocrx_word' id='word_1_60' title='bbox 810 1985 1039 2088; x_wconf 80' lang='lat' dir='ltr'><strong>culpatoris)</strong></span> <span class='ocrx_word' id='word_1_61' title='bbox 1072 1983 1276 2064; x_wconf 81' lang='lat' dir='ltr'><strong>tenuiores</strong></span> 
     </span>
     <span class='ocr_line' id='line_1_12' title="bbox 203 2104 1278 2211; baseline 0.001 -28"><span class='ocrx_word' id='word_1_62' title='bbox 203 2107 393 2211; x_wconf 83' lang='lat' dir='ltr'><strong>simulque</strong></span> <span class='ocrx_word' id='word_1_63' title='bbox 426 2108 551 2188; x_wconf 86' lang='lat' dir='ltr'><strong>minus</strong></span> <span class='ocrx_word' id='word_1_64' title='bbox 585 2123 771 2188; x_wconf 78' lang='lat' dir='ltr'><strong>curvatae.</strong></span> <span class='ocrx_word' id='word_1_65' title='bbox 838 2110 1033 2187; x_wconf 77' lang='lat' dir='ltr'><strong>Antennae</strong></span> <span class='ocrx_word' id='word_1_66' title='bbox 1065 2104 1278 2184; x_wconf 77' lang='lat' dir='ltr'><strong>crassiores</strong></span> 
     </span>
     <span class='ocr_line' id='line_1_13' title="bbox 201 2224 1278 2330; baseline 0.001 -28"><span class='ocrx_word' id='word_1_67' title='bbox 201 2226 426 2306; x_wconf 76' lang='lat' dir='ltr'><strong>feminarum</strong></span> <span class='ocrx_word' id='word_1_68' title='bbox 460 2253 562 2330; x_wconf 89' lang='lat' dir='ltr'><strong>pone</strong></span> <span class='ocrx_word' id='word_1_69' title='bbox 593 2227 760 2310; x_wconf 87' lang='lat' dir='ltr'><strong>medium</strong></span> <span class='ocrx_word' id='word_1_70' title='bbox 785 2225 1036 2305; x_wconf 83' lang='lat' dir='ltr'><strong>subdilatatae</strong></span> <span class='ocrx_word' id='word_1_71' title='bbox 1062 2241 1102 2306; x_wconf 91' lang='lat' dir='ltr'><strong>et</strong></span> <span class='ocrx_word' id='word_1_72' title='bbox 1130 2224 1278 2303; x_wconf 84' lang='lat' dir='ltr'><strong>subde-</strong></span> 
     </span>
     <span class='ocr_line' id='line_1_14' title="bbox 201 2343 1278 2452; baseline 0.002 -27"><span class='ocrx_word' id='word_1_73' title='bbox 201 2346 494 2452; x_wconf 86' lang='lat' dir='ltr'><strong>pressiusculae,</strong></span> <span class='ocrx_word' id='word_1_74' title='bbox 527 2345 590 2424; x_wconf 88' lang='lat' dir='ltr'><strong>vel</strong></span> <span class='ocrx_word' id='word_1_75' title='bbox 617 2344 744 2448; x_wconf 88' lang='lat' dir='ltr'><strong>potius</strong></span> <span class='ocrx_word' id='word_1_76' title='bbox 774 2343 871 2423; x_wconf 85' lang='lat' dir='ltr'><strong>infra</strong></span> <span class='ocrx_word' id='word_1_77' title='bbox 899 2344 1160 2447; x_wconf 87' lang='lat' dir='ltr'><strong>planiusculae</strong></span> <span class='ocrx_word' id='word_1_78' title='bbox 1184 2370 1278 2427; x_wconf 75' lang='lat' dir='ltr'><strong>esse</strong></span> 
     </span>
     <span class='ocr_line' id='line_1_15' title="bbox 203 2463 1275 2571; baseline 0.003 -31"><span class='ocrx_word' id='word_1_79' title='bbox 203 2464 340 2543; x_wconf 87' lang='lat' dir='ltr'><strong>solent.</strong></span> <span class='ocrx_word' id='word_1_80' title='bbox 367 2507 420 2526; x_wconf 88' lang='lat'><em>-</em></span> <span class='ocrx_word' id='word_1_81' title='bbox 445 2465 556 2541; x_wconf 90' lang='lat' dir='ltr'><strong>Plura</strong></span> <span class='ocrx_word' id='word_1_82' title='bbox 577 2465 624 2542; x_wconf 89' lang='lat' dir='ltr'><strong>de</strong></span> <span class='ocrx_word' id='word_1_83' title='bbox 638 2473 815 2544; x_wconf 81' lang='lat' dir='ltr'><strong>antennis</strong></span> <span class='ocrx_word' id='word_1_84' title='bbox 827 2481 866 2541; x_wconf 89' lang='lat' dir='ltr'><strong>et</strong></span> <span class='ocrx_word' id='word_1_85' title='bbox 879 2473 959 2547; x_wconf 84' lang='lat' dir='ltr'><strong>oris</strong></span> <span class='ocrx_word' id='word_1_86' title='bbox 969 2463 1149 2571; x_wconf 80' lang='lat' dir='ltr'><strong>partibus</strong></span> <span class='ocrx_word' id='word_1_87' title='bbox 1160 2465 1275 2566; x_wconf 85' lang='lat' dir='ltr'><strong>leges</strong></span> 
     </span>
     <span class='ocr_line' id='line_1_16' title="bbox 204 2583 1278 2675; baseline 0.001 -15"><span class='ocrx_word' id='word_1_88' title='bbox 204 2583 274 2660; x_wconf 86' lang='lat' dir='ltr'><strong>sub</strong></span> <span class='ocrx_word' id='word_1_89' title='bbox 292 2583 398 2662; x_wconf 87' lang='lat' dir='ltr'><strong>Ichn.</strong></span> <span class='ocrx_word' id='word_1_90' title='bbox 413 2584 620 2664; x_wconf 91' lang='lat' dir='ltr'><strong>luctatorio</strong></span> <span class='ocrx_word' id='word_1_91' title='bbox 641 2602 681 2664; x_wconf 90' lang='lat' dir='ltr'><strong>et</strong></span> <span class='ocrx_word' id='word_1_92' title='bbox 702 2585 939 2675; x_wconf 62' lang='lat' dir='ltr'><strong>consuendo,</strong></span> <span class='ocrx_word' id='word_1_93' title='bbox 968 2613 1038 2664; x_wconf 88' lang='lat' dir='ltr'><strong>nec</strong></span> <span class='ocrx_word' id='word_1_94' title='bbox 1053 2611 1129 2664; x_wconf 88' lang='lat' dir='ltr'><strong>non</strong></span> <span class='ocrx_word' id='word_1_95' title='bbox 1143 2585 1184 2660; x_wconf 91' lang='lat' dir='ltr'><strong>in</strong></span> <span class='ocrx_word' id='word_1_96' title='bbox 1196 2587 1278 2661; x_wconf 84' lang='lat' dir='ltr'><strong>Fa·</strong></span> 
     </span>
     <span class='ocr_line' id='line_1_17' title="bbox 200 2703 1277 2810; baseline 0.003 -29"><span class='ocrx_word' id='word_1_97' title='bbox 200 2703 314 2781; x_wconf 92' lang='lat' dir='ltr'><strong>bricii</strong></span> <span class='ocrx_word' id='word_1_98' title='bbox 335 2705 432 2810; x_wconf 83' lang='lat' dir='ltr'><strong>Syst.</strong></span> <span class='ocrx_word' id='word_1_99' title='bbox 449 2705 548 2784; x_wconf 85' lang='lat' dir='ltr'><strong>Piez.</strong></span> <span class='ocrx_word' id='word_1_100' title='bbox 566 2720 605 2783; x_wconf 89' lang='lat' dir='ltr'><strong>et</strong></span> <span class='ocrx_word' id='word_1_101' title='bbox 624 2706 665 2784; x_wconf 92' lang='lat' dir='ltr'><strong>in</strong></span> <span class='ocrx_word' id='word_1_102' title='bbox 677 2707 832 2786; x_wconf 83' lang='lat' dir='ltr'><strong>Panzeri</strong></span> <span class='ocrx_word' id='word_1_103' title='bbox 846 2704 1057 2786; x_wconf 86' lang='lat' dir='ltr'><strong>Revisione.</strong></span> <span class='ocrx_word' id='word_1_104' title='bbox 1084 2747 1137 2766; x_wconf 90' lang='lat'><strong>-·</strong></span> <span class='ocrx_word' id='word_1_105' title='bbox 1163 2705 1277 2784; x_wconf 75' lang='lat' dir='ltr'><strong>rto-</strong></span> 
     </span>
     <span class='ocr_line' id='line_1_18' title="bbox 203 2822 1270 2930; baseline 0 -26"><span class='ocrx_word' id='word_1_106' title='bbox 203 2849 284 2904; x_wconf 81' lang='lat' dir='ltr'><strong>racc</strong></span> <span class='ocrx_word' id='word_1_107' title='bbox 295 2822 429 2927; x_wconf 85' lang='lat' dir='ltr'><strong>gibbus</strong></span> <span class='ocrx_word' id='word_1_108' title='bbox 448 2838 513 2902; x_wconf 86' lang='lat' dir='ltr'><strong>aut</strong></span> <span class='ocrx_word' id='word_1_109' title='bbox 533 2825 727 2926; x_wconf 84' lang='lat' dir='ltr'><strong>gibbulus‚</strong></span> <span class='ocrx_word' id='word_1_110' title='bbox 754 2826 873 2907; x_wconf 87' lang='lat' dir='ltr'><strong>rarius</strong></span> <span class='ocrx_word' id='word_1_111' title='bbox 888 2825 1120 2930; x_wconf 86' lang='lat' dir='ltr'><strong>cylindricus</strong></span> <span class='ocrx_word' id='word_1_112' title='bbox 1136 2824 1270 2925; x_wconf 83' lang='lat' dir='ltr'><strong>(lehn.</strong></span> 
     </span>
     <span class='ocr_line' id='line_1_19' title="bbox 200 2943 1275 3036; baseline 0 -14"><span class='ocrx_word' id='word_1_113' title='bbox 200 2943 420 3035; x_wconf 77' lang='lat' dir='ltr'><strong>moratorie,</strong></span> <span class='ocrx_word' id='word_1_114' title='bbox 448 2943 700 3036; x_wconf 85' lang='lat' dir='ltr'><strong>microsticto,</strong></span> <span class='ocrx_word' id='word_1_115' title='bbox 728 2945 890 3024; x_wconf 85' lang='lat' dir='ltr'><strong>feminae</strong></span> <span class='ocrx_word' id='word_1_116' title='bbox 916 2945 1023 3026; x_wconf 89' lang='lat' dir='ltr'><strong>lehn.</strong></span> <span class='ocrx_word' id='word_1_117' title='bbox 1052 2946 1275 3022; x_wconf 88' lang='lat' dir='ltr'><strong>stimulato-</strong></span> 
     </span>
     <span class='ocr_line' id='line_1_20' title="bbox 201 3063 1273 3167; baseline -0.004 -20"><span class='ocrx_word' id='word_1_118' title='bbox 201 3067 290 3166; x_wconf 85' lang='lat' dir='ltr'><strong>ris),</strong></span> <span class='ocrx_word' id='word_1_119' title='bbox 318 3080 384 3142; x_wconf 87' lang='lat' dir='ltr'><strong>aut</strong></span> <span class='ocrx_word' id='word_1_120' title='bbox 398 3064 700 3167; x_wconf 85' lang='lat' dir='ltr'><strong>subeylindricus</strong></span> <span class='ocrx_word' id='word_1_121' title='bbox 719 3063 844 3164; x_wconf 87' lang='lat' dir='ltr'><strong>(Ichn.</strong></span> <span class='ocrx_word' id='word_1_122' title='bbox 866 3064 1149 3155; x_wconf 78' lang='lat' dir='ltr'><strong>ischioxantho,</strong></span> <span class='ocrx_word' id='word_1_123' title='bbox 1177 3091 1273 3144; x_wconf 82' lang='lat' dir='ltr'><strong>ene-</strong></span> 
     </span>
     <span class='ocr_line' id='line_1_21' title="bbox 200 3185 1268 3288; baseline 0.003 -27"><span class='ocrx_word' id='word_1_124' title='bbox 200 3187 293 3278; x_wconf 91' lang='lat' dir='ltr'><strong>tori,</strong></span> <span class='ocrx_word' id='word_1_125' title='bbox 328 3185 561 3286; x_wconf 88' lang='lat' dir='ltr'><strong>candidato).</strong></span> <span class='ocrx_word' id='word_1_126' title='bbox 594 3228 647 3246; x_wconf 88' lang='lat'><strong>-</strong></span> <span class='ocrx_word' id='word_1_127' title='bbox 680 3185 897 3266; x_wconf 83' lang='lat' dir='ltr'><strong>Scutellum</strong></span> <span class='ocrx_word' id='word_1_128' title='bbox 929 3188 991 3265; x_wconf 86' lang='lat' dir='ltr'><strong>vel</strong></span> <span class='ocrx_word' id='word_1_129' title='bbox 1023 3186 1268 3288; x_wconf 86' lang='lat' dir='ltr'><strong>triangulare,</strong></span> 
     </span>
     <span class='ocr_line' id='line_1_22' title="bbox 199 3305 1271 3410; baseline -0.002 -28"><span class='ocrx_word' id='word_1_130' title='bbox 199 3307 308 3408; x_wconf 84' lang='lat' dir='ltr'><strong>apice</strong></span> <span class='ocrx_word' id='word_1_131' title='bbox 323 3307 460 3383; x_wconf 87' lang='lat' dir='ltr'><strong>obtuso</strong></span> <span class='ocrx_word' id='word_1_132' title='bbox 475 3321 540 3382; x_wconf 87' lang='lat' dir='ltr'><strong>aut</strong></span> <span class='ocrx_word' id='word_1_133' title='bbox 553 3320 745 3393; x_wconf 85' lang='lat' dir='ltr'><strong>truncato,</strong></span> <span class='ocrx_word' id='word_1_134' title='bbox 773 3307 836 3386; x_wconf 86' lang='lat' dir='ltr'><strong>vel</strong></span> <span class='ocrx_word' id='word_1_135' title='bbox 852 3305 1155 3410; x_wconf 86' lang='lat' dir='ltr'><strong>subquadratum,</strong></span> <span class='ocrx_word' id='word_1_136' title='bbox 1182 3307 1271 3410; x_wconf 83' lang='lat' dir='ltr'><strong>api-</strong></span> 
     </span>
     <span class='ocr_line' id='line_1_23' title="bbox 201 3423 1269 3528; baseline 0.001 -29"><span class='ocrx_word' id='word_1_137' title='bbox 201 3451 284 3502; x_wconf 87' lang='lat' dir='ltr'><strong>cem</strong></span> <span class='ocrx_word' id='word_1_138' title='bbox 297 3451 426 3502; x_wconf 85' lang='lat' dir='ltr'><strong>versus</strong></span> <span class='ocrx_word' id='word_1_139' title='bbox 441 3423 556 3525; x_wconf 90' lang='lat' dir='ltr'><strong>paulo</strong></span> <span class='ocrx_word' id='word_1_140' title='bbox 570 3423 774 3524; x_wconf 84' lang='lat' dir='ltr'><strong>angustius,</strong></span> <span class='ocrx_word' id='word_1_141' title='bbox 796 3425 1077 3528; x_wconf 88' lang='lat' dir='ltr'><strong>planiusculum</strong></span> <span class='ocrx_word' id='word_1_142' title='bbox 1093 3442 1159 3504; x_wconf 86' lang='lat' dir='ltr'><strong>aut</strong></span> <span class='ocrx_word' id='word_1_143' title='bbox 1173 3451 1269 3501; x_wconf 90' lang='lat' dir='ltr'><strong>con-</strong></span> 
     </span>
     <span class='ocr_line' id='line_1_24' title="bbox 200 3541 1267 3645; baseline -0.001 -23"><span class='ocrx_word' id='word_1_144' title='bbox 200 3571 355 3634; x_wconf 81' lang='lat' dir='ltr'><strong>vexum,</strong></span> <span class='ocrx_word' id='word_1_145' title='bbox 391 3541 509 3622; x_wconf 88' lang='lat' dir='ltr'><strong>rarius</strong></span> <span class='ocrx_word' id='word_1_146' title='bbox 538 3541 889 3626; x_wconf 89' lang='lat' dir='ltr'><strong>subtuberculatum</strong></span> <span class='ocrx_word' id='word_1_147' title='bbox 923 3544 1048 3645; x_wconf 87' lang='lat' dir='ltr'><strong>(lehn.</strong></span> <span class='ocrx_word' id='word_1_148' title='bbox 1076 3544 1267 3644; x_wconf 87' lang='lat' dir='ltr'><strong>oratorio)</strong></span> 
     </span>
     <span class='ocr_line' id='line_1_25' title="bbox 200 3661 1266 3769; baseline -0.002 -27"><span class='ocrx_word' id='word_1_149' title='bbox 200 3680 267 3743; x_wconf 82' lang='lat' dir='ltr'><strong>aut</strong></span> <span class='ocrx_word' id='word_1_150' title='bbox 291 3662 489 3766; x_wconf 90' lang='lat' dir='ltr'><strong>gibbulum</strong></span> <span class='ocrx_word' id='word_1_151' title='bbox 524 3661 656 3761; x_wconf 87' lang='lat' dir='ltr'><strong>(lehn.</strong></span> <span class='ocrx_word' id='word_1_152' title='bbox 688 3665 951 3769; x_wconf 88' lang='lat' dir='ltr'><strong>nycthemero,</strong></span> <span class='ocrx_word' id='word_1_153' title='bbox 985 3664 1266 3765; x_wconf 83' lang='lat' dir='ltr'><strong>flavolineato),</strong></span> 
     </span>
     <span class='ocr_line' id='line_1_26' title="bbox 198 3782 1268 3893; baseline -0.001 -31"><span class='ocrx_word' id='word_1_154' title='bbox 198 3785 319 3864; x_wconf 85' lang='lat' dir='ltr'><strong>laeve.</strong></span> <span class='ocrx_word' id='word_1_155' title='bbox 334 3827 387 3844; x_wconf 86' lang='lat'>-</span> <span class='ocrx_word' id='word_1_156' title='bbox 399 3784 503 3862; x_wconf 79' lang='lat' dir='ltr'><strong>Arae</strong></span> <span class='ocrx_word' id='word_1_157' title='bbox 517 3782 743 3876; x_wconf 50' lang='lat' dir='ltr'><strong>medioeres</strong></span> <span class='ocrx_word' id='word_1_158' title='bbox 770 3789 897 3863; x_wconf 90' lang='lat' dir='ltr'><strong>areola</strong></span> <span class='ocrx_word' id='word_1_159' title='bbox 911 3787 1137 3893; x_wconf 87' lang='lat' dir='ltr'><strong>plerumque</strong></span> <span class='ocrx_word' id='word_1_160' title='bbox 1151 3784 1268 3887; x_wconf 88' lang='lat' dir='ltr'><strong>quin-</strong></span> 
     </span>
     <span class='ocr_line' id='line_1_27' title="bbox 199 3901 1267 4010; baseline 0.001 -29"><span class='ocrx_word' id='word_1_161' title='bbox 199 3903 456 4010; x_wconf 85' lang='lat' dir='ltr'><strong>queangulari,</strong></span> <span class='ocrx_word' id='word_1_162' title='bbox 471 3901 660 3981; x_wconf 86' lang='lat' dir='ltr'><strong>interdum</strong></span> <span class='ocrx_word' id='word_1_163' title='bbox 672 3907 917 4010; x_wconf 86' lang='lat' dir='ltr'><strong>pyramidata,</strong></span> <span class='ocrx_word' id='word_1_164' title='bbox 937 3906 962 3981; x_wconf 89' lang='lat' dir='ltr'><strong>i.</strong></span> <span class='ocrx_word' id='word_1_165' title='bbox 978 3936 1012 3985; x_wconf 87' lang='lat' dir='ltr'><strong>e.</strong></span> <span class='ocrx_word' id='word_1_166' title='bbox 1030 3904 1154 3981; x_wconf 84' lang='lat' dir='ltr'><strong>nervis</strong></span> <span class='ocrx_word' id='word_1_167' title='bbox 1168 3906 1267 3982; x_wconf 84' lang='lat' dir='ltr'><strong>late·</strong></span> 
     </span>
     <span class='ocr_line' id='line_1_28' title="bbox 197 4023 1250 4135; baseline 0.005 -34"><span class='ocrx_word' id='word_1_168' title='bbox 197 4025 339 4104; x_wconf 84' lang='lat' dir='ltr'><strong>raliltus</strong></span> <span class='ocrx_word' id='word_1_169' title='bbox 352 4025 475 4104; x_wconf 84' lang='lat' dir='ltr'><strong>multo</strong></span> <span class='ocrx_word' id='word_1_170' title='bbox 490 4024 727 4130; x_wconf 85' lang='lat' dir='ltr'><strong>longioribus</strong></span> <span class='ocrx_word' id='word_1_171' title='bbox 740 4053 852 4132; x_wconf 89' lang='lat' dir='ltr'><strong>quarn</strong></span> <span class='ocrx_word' id='word_1_172' title='bbox 867 4026 1006 4135; x_wconf 87' lang='lat' dir='ltr'><strong>reliqui</strong></span> <span class='ocrx_word' id='word_1_173' title='bbox 1028 4025 1082 4128; x_wconf 90' lang='lat' dir='ltr'><strong>(e.</strong></span> <span class='ocrx_word' id='word_1_174' title='bbox 1098 4050 1133 4130; x_wconf 90' lang='lat' dir='ltr'><strong>g.</strong></span> <span class='ocrx_word' id='word_1_175' title='bbox 1153 4023 1250 4106; x_wconf 82' lang='lat' dir='ltr'><strong>Iclro</strong></span> 
     </span>
    </p>
   </div>
   <div class='ocr_carea' id='block_1_4' title="bbox 0 0 1354 4802">
    <p class='ocr_par' dir='ltr' id='par_1_4' title="bbox 0 0 1354 4802">
     <span class='ocr_line' id='line_1_29' title="bbox 0 0 1354 4802; baseline 0 0"><span class='ocrx_word' id='word_1_176' title='bbox 0 0 1354 4802; x_wconf 95' lang='lat' dir='ltr'><strong> </strong></span> 
     </span>
    </p>
   </div>
  </div>
 </body>
</html>
