2706 4810
272 377 350 451 692
640 389 967 443 surrtrmnnru

270 552 661 661 gitudodliueerum.
715 557 920 634 Antennoe
937 553 1069 632 subtus
1082 549 1310 654 ferruginem,

272 675 435 752 articulo
454 683 472 753 1
489 688 573 750 toto
589 674 709 777 nigro,
751 675 953 754 Abdomen
968 675 1134 776 nigrum,
1162 697 1310 778 segmen·

272 797 321 873 tis
337 805 417 874 tet
432 805 455 873 3
470 793 585 868 fascia
605 793 804 896 irregulari
821 809 1004 873 casmnee.
1032 837 1085 856 -·
1111 794 1310 870 Caeterum

272 914 314 994 in
332 912 483 992 leminis
499 914 686 1017 genuinis,

686 1140 786 1241 Peg.
814 1145 917 1218 277.

350 1275 574 1378 Tryphonis
587 1278 776 1353 evolantis
790 1301 886 1364 mas,
914 1273 1014 1348 cirea
1028 1274 1176 1380 Netley
1187 1286 1308 1376 captur,

272 1396 401 1472 differt
423 1423 444 1468 a
468 1395 631 1470 muribus
659 1393 961 1496 gottingensibus
987 1395 1191 1498 descriptis
1212 1397 1309 1493 longi·

272 1516 407 1597 tudine
426 1516 490 1615 47,
514 1513 716 1606 linearum,
742 1531 936 1616 segmento
951 1525 975 1596 8
992 1530 1077 1591 toto
1089 1531 1271 1592 castaneo.

601 1739 699 1840 Pag.
736 1742 1003 1820 sos—314.

349 1872 574 1976 Tryphonis
606 1880 828 1955 rutilatoris
861 1875 1055 1951 individua
1089 1876 1202 1978 plum
1231 1872 1308 1948 ciret

270 1997 414 2099 Netley
440 1995 538 2068 lecta
567 2009 665 2068 sunt.
720 1999 810 2071 Duo
838 2023 986 2086 eorum,
1014 2021 1093 2068 mas
1119 2012 1160 2072 et
1177 1993 1305 2074 semim,

269 2122 408 2221 speciei
425 2121 613 2213 genuinae
631 2118 878 2218 respondent3
905 2115 998 2191 muri
1019 2129 1151 2192 autem
1167 2135 1306 2216 segmen·

270 2255 351 2314 tum
373 2247 398 2313 2
418 2232 631 2320 fascioluta
653 2235 758 2336 nigra
785 2251 955 2312 notatum
984 2250 1058 2325 est,
1095 2231 1304 2336 segmentud

271 2374 311 2435 et
339 2366 362 2434 7
390 2367 551 2456 supern'e
585 2353 689 2453 nigra
720 2371 818 2431 sunt.
880 2356 1039 2458 Reliqua
1080 2345 1304 2433 varietatibus

274 2488 312 2566 1,
340 2482 382 2567 4,
411 2485 452 2562 8,
484 2483 548 2560 10,
581 2482 627 2551 13
654 2476 901 2576 respondent3
934 2475 1023 2565 trie,
1053 2501 1167 2552 sexus
1188 2492 1303 2548 muscu-

269 2597 357 2685 lini,
385 2599 587 2672 varietatis
602 2598 642 2680 4,
671 2595 910 2695 longitudine
927 2610 1016 2672 sunt
1031 2598 1192 2688 4-472
1210 2593 1302 2670 linee-

269 2743 370 2804 rum‚
399 2712 623 2812 duobusque
645 2738 776 2790 eurum
792 2731 1025 2817 segmentum
1038 2719 1063 2794 5
1077 2717 1193 2794 etiam
1206 2727 1301 2788 totum

270 2836 418 2936 nigrum
442 2847 516 2920 est·,
551 2831 833 2910 individuorum
859 2852 1021 2938 quatuor
1050 2841 1246 2914 uarietatis
1268 2832 1299 2904 ll

269 2957 363 3046 du0,
391 2977 499 3030 sexus
520 2950 712 3044 seminini,
744 2956 950 3031 amaribus
970 2955 1158 3033 differunt
1177 2944 1299 3032 lemuri-

268 3075 339 3150 bus
371 3074 463 3151 totis
491 3077 598 3166 rulis,
631 3076 774 3180 quippe
801 3103 899 3179 quae
924 3075 1092 3154 muribus
1119 3074 1199 3154 basi
1221 3070 1298 3170 nigra

269 3210 368 3272 sunt.

582 3423 681 3526 rag.
716 3430 805 3502 seo
838 3436 884 3500 et
908 3433 1011 3504 233.

345 3558 534 3662 Tryphon
562 3576 729 3662 punctus
761 3573 800 3634 et
834 3559 1135 3649 mesoxuntlrus,
1167 3585 1202 3632 n.
1228 3551 1293 3630 152,

268 3675 350 3749 solo
378 3679 508 3754 colore
537 3694 817 3780 segmentorum
842 3689 868 3758 2
897 3696 937 3755 et
964 3691 1007 3771 3,
1041 3681 1082 3754 in
1107 3679 1173 3753 illa
1196 3663 1293 3774 specle

267 3794 444 3883 alterato,
465 3798 740 3899 discrepantes,
764 3788 1290 3902 unasunteademquespecin

266 3939 381 4016 quae,
414 3914 535 3990 formu
562 3933 602 3990 et
629 3935 816 4019 punctura
845 3921 1030 4024 segmenti
1060 3931 1098 4009 1,
1132 3914 1288 4018 optimet

266 4034 424 4137 reliquis
453 4035 651 4138 speciebus
678 4039 860 4141 distingui
889 4055 1035 4143 potest,
1069 4037 1223 4140 indeque
1239 4017 1287 4101 sul

267 4154 420 4232 nomine
438 4160 507 4234 Tr.
520 4162 656 4257 puncti
674 4159 946 4264 conjungendi.
