2698 4802
265 284 340 354 128
665 297 931 353 renni—:onon

263 458 754 564 autsubsumatobyalinae3
783 463 973 566 stigmate,
1000 463 1112 556 radio,
1137 462 1247 540 radice
1258 473 1288 536 ct

261 586 458 686 squamula
485 581 600 658 fuscis
628 598 693 658 aut
719 583 847 686 nigris.
903 585 1025 664 Pedes
1043 585 1126 674 rufi,
1153 581 1242 658 coxis
1259 593 1289 655 ct

262 703 565 778 trochanteribus
599 702 735 805 nigris:
768 706 906 808 postici
940 707 1047 781 tarsis
1079 721 1116 780 et
1139 701 1289 776 tibiarum

260 825 369 927 apice
384 825 446 899 vel
468 825 581 898 etiam
603 825 722 898 latere
744 827 864 902 altero
887 843 969 901 toto
984 825 1097 927 nigris
1111 839 1171 898 aut
1184 818 1287 894 luscis.

261 942 463 1020 Abdomen
504 945 852 1046 coeruleonigrum,
896 947 1087 1028 subtiliter
1123 954 1286 1046 puuctum,

261 1065 463 1164 segmentis
485 1073 603 1144 zeta
625 1065 704 1138 basi
729 1063 1180 1150 aciculato-scabriculis,
1204 1080 1285 1162 prac-

259 1183 389 1258 sertim
412 1183 595 1266 maribusr
623 1183 852 1284 marginibus
872 1186 1027 1262 summis
1044 1197 1283 1287 segmentoruut

257 1303 422 1380 feminae
438 1302 839 1382 interdumcastaneis.
878 1308 1051 1386 Aculeus
1065 1299 1283 1384 brevissimus,

260 1422 323 1498 vix
343 1424 595 1499 subexsertus.

334 1543 509 1619 Fenrinas
524 1543 700 1647 quasdam
717 1543 864 1646 accepi,
893 1545 933 1622 in
946 1548 1106 1638 silesia,
1133 1539 1287 1622 Boeotios

256 1666 381 1740 Italia
413 1680 559 1764 captass
599 1665 681 1766 ipse
709 1665 863 1739 unicum
896 1694 1037 1743 marem
1066 1683 1105 1742 et
1128 1659 1283 1740 feminam

255 1785 404 1886 plantas
429 1786 624 1874 florentes,
658 1783 859 1884 aphidibus
889 1801 928 1861 et
954 1787 1174 1891 syrphorum
1196 1772 1283 1853 larvis

255 1921 475 2005 occupatas,
504 1905 872 2002 circumvolitantes,
907 1909 1012 2011 cepi3
1045 1909 1135 1984 alias
1158 1897 1286 1980 feminas

253 2022 294 2098 in
311 2024 461 2099 frutetis
483 2024 680 2128 prehendi.

637 2328 928 2406 Varietates:

330 2509 363 2578 1.
394 2496 615 2604 Femoribus
631 2498 747 2600 nigris
762 2515 827 2575 aut
842 2500 1161 2602 nigromaculatis.
1183 2539 1230 2558 ·-·
1250 2515 1288 2566 ¹1¹·

250 2635 289 2694 et
303 2617 328 2693 l.
357 2663 410 2676 —
435 2619 655 2718 Longitodo
671 2621 781 2694 maris
796 2619 875 2696 lere
892 2630 915 2700 4
932 2623 1131 2715 linearum,
1153 2614 1289 2696 feminac

251 2738 580 2817 5-61inearum.
637 2745 765 2843 Caput
792 2756 913 2817 totum
940 2745 1108 2846 nigrum,
1137 2745 1173 2818 in
1193 2739 1289 2814 altera

249 2858 389 2936 femina
403 2875 568 2936 attamen
588 2861 721 2936 orbitis
744 2862 940 2936 oculorum
958 2865 1118 2942 internis
1132 2851 1290 2938 obsoletis

247 2981 397 3059 albidis.
451 2983 654 3058 Antennoe
684 2980 846 3056 feminae
882 2981 1054 3059 articulis
1082 2981 1216 3066 9-15
1239 2981 1290 3048 aul

250 3105 414 3181 12-15
432 3129 542 3202 supra
555 3103 663 3177 albis.
705 3102 873 3178 Thorax
887 3115 990 3176 totus
1005 3105 1124 3206 niger,
1139 3105 1176 3178 in
1192 3100 1291 3174 altera

245 3223 386 3298 femina
411 3225 500 3319 (nec
522 3248 611 3299 vero
638 3222 677 3295 in
705 3223 772 3296 illa
806 3220 939 3296 orbitis
967 3226 1166 3303 oculorum
1193 3212 1290 3310 albis)

243 3344 397 3444 punctis
432 3343 578 3417 duobus
613 3341 658 3414 ad
691 3340 856 3416 radicem
895 3343 1039 3418 alarum
1073 3361 1114 3422 et
1145 3335 1291 3438 margine

246 3485 383 3561 supero
398 3460 490 3532 colli
506 3461 614 3534 albis.
668 3459 790 3536 Pedes
803 3461 1009 3538 lemuribus
1031 3466 1142 3554 rufis,
1169 3459 1292 3536 velan-

243 3578 330 3653 ticis
347 3577 426 3652 basi
444 3577 577 3678 nigris,
606 3577 668 3653 vel
682 3581 933 3656 anterioribus
949 3599 1015 3657 aut
1034 3576 1291 3687 posterioribus

240 3699 361 3776 latere
375 3723 544 3774 convexo
560 3698 693 3801 nigris;
722 3699 826 3774 tibiis
842 3700 904 3776 vel
921 3700 1020 3776 sicut
1041 3703 1081 3778 in
1104 3702 1227 3806 specie
1239 3717 1293 3796 ge·

241 3821 377 3912 noina,
403 3819 465 3896 vel
494 3820 606 3897 ctiam
631 3820 884 3896 anterioribus
906 3820 1026 3898 latere
1048 3823 1171 3897 altero
1193 3810 1293 3917 nigri·

241 3942 431 4022 cantibus5
474 3939 583 4016 tarsis
618 3941 870 4018 anterioribus
912 3940 1141 4045 plerumque
1179 3932 1292 4016 luscis,

239 4059 398 4164 posticis
427 4059 557 4164 nigris.
