2726 4810
481 317 672 370 rauseis
706 307 731 370 1.
1070 305 1143 376 1⁰8

87 481 272 586 oclropi),
298 505 412 584 saepe
432 477 743 585 subtriungulari,
771 485 897 562 nervis
917 482 1140 560 lateralibus

85 629 207 706 nempe
227 614 376 678 costam
395 603 479 680 alne
493 629 623 681 versus
643 603 1024 694 subconnirentiltus,
1051 629 1140 707 pcr-

78 720 167 800 lecte
191 721 422 825 triangulari
442 722 548 800 Ichn.
569 722 696 802 fallaci
719 737 760 800 et
780 724 1006 826 quibusdum
1025 723 1139 800 muri-

74 841 137 918 ltus
163 841 277 918 Ichm
307 843 445 947 lepidi,
472 843 591 922 rarius
620 843 979 948 subquadrsngulsri
1003 843 1136 943 (Ichn.

73 962 353 1064 nycthemero).
393 1005 448 1022 -
483 963 607 1046 Pedes
644 963 872 1052 mediocres,
912 963 1137 1066 quibusdam

71 1095 190 1160 tumen
219 1081 455 1184 subgraciles
479 1085 533 1185 (c.
562 1111 598 1187 g.
627 1083 733 1160 Ichn.
760 1083 1057 1182 ischioxantho).
1085 1073 1158 1144 -’

70 1199 273 1280 Abdomen
288 1203 514 1305 petiolutum
529 1225 758 1298 convexum,
785 1205 911 1282 miuus
925 1227 1137 1278 convexum

71 1320 170 1400 lchn.
188 1321 392 1414 Goedsrti,
419 1325 647 1417 annulatori,
673 1326 1003 1430 quinqueguttuto,
1028 1319 1137 1396 nobi-

73 1442 210 1518 litatori
243 1457 334 1533 etc.;
365 1443 572 1548 oblongum
597 1462 663 1524 aut
694 1445 936 1538 subovstum,
969 1439 1135 1520 thoracis

72 1561 145 1640 lere
156 1562 386 1654 latitudine,
414 1565 677 1666 utplurimum
696 1566 854 1644 thorace
875 1564 1048 1668 longius,
1075 1588 1143 1656 ra<

72 1682 143 1760 rius
172 1683 348 1761 thorema
379 1683 636 1787 longitudine,
676 1710 789 1790 saepe
823 1685 980 1766 thorace
1012 1683 1134 1786 duplo

74 1799 236 1905 longius,
271 1803 478 1909 praecipue
504 1805 687 1896 maribus,
714 1807 781 1909 qui
810 1807 1037 1909 plerumque
1066 1801 1133 1878 sb·

79 1919 215 2000 domine
235 1923 413 2026 longiore
431 1938 471 2002 et
492 1925 710 2030 angustiore
730 1953 751 2003 a
772 1923 923 2002 feminis
937 1923 1131 2012 differunt,

82 2038 162 2118 licet
181 2045 302 2122 ctiam
331 2044 526 2124 nonnullis
555 2043 724 2134 feminis,
751 2069 784 2122 e.
811 2069 846 2146 g.
878 2041 986 2118 Ichu.
1017 2040 1131 2130 scuti,

92 2157 251 2244 abdomen
263 2164 408 2268 gracile
422 2164 483 2242 sit.
536 2164 706 2244 Petiolus
719 2167 906 2265 segmenti
914 2166 1133 2266 primirum

94 2271 187 2378 hujus
206 2301 316 2388 parte
344 2283 469 2360 entier
493 2283 596 2368 haud
618 2285 722 2364 lines
749 2299 870 2375 rectu,
897 2281 965 2362 sed
992 2279 1131 2383 angulo

88 2396 199 2482 obturo
218 2421 290 2482 sut
310 2404 507 2496 subrecto,
533 2403 730 2497 cohaeret,
756 2419 798 2482 et
816 2401 1043 2484 sublinearis
1055 2415 1131 2488 est.;

80 2527 291 2622 persenties
310 2525 438 2602 subito
459 2525 695 2618 intumescit,
722 2525 809 2630 plus
823 2523 947 2602 minus
962 2519 1130 2626 gibbosa,

77 2663 196 2743 opaca,
241 2645 372 2724 scubra
403 2661 479 2736 cst,
517 2645 761 2740 cicatriculis-
787 2643 1033 2722 crassioribus
1065 2653 1134 2718 aut

77 2759 309 2856 laevioribus,
337 2765 528 2870 lineisque
540 2766 686 2848 duabus
703 2766 874 2858 elevatis,
901 2763 1052 2867 quaein
1065 2785 1133 2864 pe-

75 2881 198 2964 tiolum
228 2901 438 2963 excurrunt
468 2883 630 2990 ejusque
655 2885 843 2989 margines
868 2897 998 2960 acutos
1023 2879 1132 2960 exhi·

71 2999 162 3082 bent.
221 3007 319 3082 Sunt
344 3028 435 3086 seru
469 3006 583 3084 ctiam
612 3004 759 3112 species
792 3002 922 3102 (lehn.
951 3001 1130 3085 larvatus,

70 3117 288 3216 bilineetus,
319 3125 462 3214 alacer,
495 3123 633 3224 tristis,
661 3123 758 3220 cte.)
784 3133 980 3224 segmento
1007 3115 1132 3220 primo

69 3239 241 3334 laetiore,
254 3233 479 3348 petioloque
495 3243 637 3324 sensim
652 3241 823 3318 dilatato.
875 3237 949 3315 Ubi
962 3235 1135 3341 petiolas.

70 3385 145 3440 cusu
171 3379 286 3470 parte
300 3365 426 3444 sutics
452 3362 649 3455 cohaeret,
679 3358 861 3464 utrinque
886 3357 1130 3439 tuberculum

69 3486 297 3590 conspicitur
328 3485 416 3589 plus
450 3482 575 3562 minus
607 3479 845 3588 prominens3
880 3505 957 3584 quo
983 3477 1130 3581 majora

69 3597 152 3682 lucc
177 3605 383 3686 tubercula
410 3617 516 3696 sunt,
543 3627 591 3684 eo
619 3601 864 3710 praeruptius
889 3627 976 3704 pars
1003 3600 1128 3680 antica

67 3725 249 3823 spatiolo
274 3723 449 3830 sejuncta
477 3737 547 3802 cst.
599 3725 721 3828 Apes
747 3719 967 3802 abdominis
995 3737 1129 3810 acutus

68 3863 142 3920 esse
168 3846 284 3938 solet,
311 3843 539 3952 quibusdam
566 3841 718 3922 feminis
747 3859 892 3936 sutem,
920 3840 1129 3947 praecipue

68 3959 95 4034 si
108 3987 128 4037 a
142 3963 260 4046 latere
276 3965 497 4072 inspicitur,
524 3963 694 4046 obtusus.
723 4007 777 4028 ·-·
802 3965 973 4048 Aculeus
993 3962 1130 4042 subex-

70 4099 199 4178 sertus,
226 4089 347 4170 mrius
370 4083 635 4170 ammanitas
