2674 4816
266 336 341 412 444
601 387 606 397 .
658 349 928 404 touaaunon
991 349 995 354 ·

262 516 471 621 majoribos
493 541 607 620 quam
626 514 808 606 feminae,
836 515 877 591 in
891 529 1086 617 tegmento
1103 524 1120 591 1
1137 505 1293 590 subconti-

264 641 362 742 guis.
415 639 588 717 Aculeus
605 633 868 726 brevissimus,
896 635 1149 712 subexaertua.

341 759 488 832 Marem
516 771 556 830 et
587 753 765 843 seminas,
800 754 901 830 circa
924 753 1161 852 Hirschberg
1185 761 1293 850 ceput

265 904 292 955 α
305 875 510 980 Stitlsried
527 902 677 950 mecum
695 874 1008 966 communicavit3
1034 875 1206 952 feminam
1226 888 1294 970 quo·

264 1022 340 1100 que
360 991 405 1073 in¹
419 994 651 1073 collectione
671 995 808 1095 Klugtt
830 994 919 1071 vidi.

658 1215 942 1317 Synonyma:
1069 1251 1072 1258 ¹

264 1352 459 1432 Ichneum.
481 1356 704 1428 natatorius
722 1354 832 1426 Pane.
848 1353 966 1428 Faun.
993 1349 1084 1424 fasc·
1103 1358 1170 1438 80,
1194 1343 1255 1422 ab.
1267 1348 1293 1417 9.

262 1473 460 1550 Ichneum.
490 1471 777 1570 designato'rioa
809 1473 989 1574 Trentep.
1020 1470 1061 1544 in
1087 1469 1188 1544 Iside
1213 1465 1293 1544 1826,

476 1615 561 1694 pag.
592 1598 659 1680 86,
687 1619 726 1666 ιι.
753 1599 816 1671 at.

517 1811 656 1887 Notat

340 1947 523 2024 Conferas
545 1964 673 2024 notam
694 1946 741 2020 ad
754 1945 863 2024 Ichn.
877 1954 1119 2025 notatarium
1141 1976 1175 2022 n.
1194 1949 1255 2023 169
1271 1947 1298 2010 et

264 2069 430 2171 speciem
461 2068 756 2144 antecedentem.
783 2110 835 2123 —
861 2068 1083 2171 Descriptio
1109 2060 1296 2142 Fabricium

260 2190 372 2268 Ichn.
395 2188 650 2287 designatorii
677 2185 778 2261 haud
806 2186 852 2260 ad
880 2186 994 2278 hanc,
1023 2189 1091 2263 sed
1113 2188 1158 2262 ad
1178 2197 1296 2258 antece

261 2311 414 2385 dentem
446 2308 613 2409 speciem
647 2306 816 2408 quadrat.
850 2350 904 2364 —
935 2311 1094 2394 Panzer,
1129 2307 1168 2382 in
1198 2295 1295 2378 fletis.

261 2457 299 2532 p.
335 2437 404 2517 62,
444 2427 581 2514 credit,
614 2426 910 2502 Ichneumonem
944 2453 1053 2502 auum
1089 2424 1296 2502 notatarium

260 2572 403 2620 marem
416 2570 498 2620 esse
513 2546 624 2623 Ichn.
641 2553 912 2646 variegatorii,
939 2546 979 2620 in
992 2546 1147 2620 Faunae
1160 2544 1241 2617 fasc.
1254 2541 1296 2615 75,

260 2666 336 2740 tab.
354 2673 418 2754 11,
447 2663 558 2757 editi,
586 2666 689 2769 quod
707 2681 835 2742 tamen
855 2693 943 2742 cum
965 2691 1047 2743 mea
1062 2659 1296 2742 observatione

261 2781 362 2860 haud
383 2786 573 2865 convenit.

571 3129 644 3197 175.
686 3122 713 3188 Ι.
736 3123 933 3190 VARIPES.
978 3146 1013 3190 ιι.

463 3293 577 3376 Facie,
599 3295 797 3382 punctisque
816 3294 946 3359 duobus
963 3293 1005 3356 ad
1023 3291 1151 3358 ciarum
1172 3285 1298 3356 radicem,

461 3393 565 3475 albis;
600 3399 778 3482 segmentis
810 3408 904 3470 1—3
937 3385 1298 3479 stramineomargiunist

459 3496 600 3584 pedibus
630 3495 988 3586 pallide-stramineis,
1019 3497 1160 3584 posticis
1186 3482 1301 3558 femori·

458 3597 522 3664 bus
546 3598 664 3680 fulvis,
687 3599 783 3665 tarsis
806 3624 868 3666 nec
890 3622 961 3667 non
982 3599 1142 3666 tibiarum
1163 3606 1195 3663 et
1212 3592 1300 3658 semo·

458 3720 533 3764 rum
555 3703 649 3790 apice
670 3702 787 3790 nigris.
830 3726 876 3769 m.

332 3865 556 3968 Longttudo
575 3874 639 3949 vix
660 3877 815 3968 3-3¹l2
836 3874 1035 3951 linearum.
1091 3876 1221 3971 Caput
1238 3881 1298 3940 ort

256 3987 381 4090 genis,
409 3987 524 4080 facie,
558 3993 770 4098 oniasque
795 3997 995 4070 oculorum
1024 3988 1245 4066 frontalibus
1270 3987 1299 4048 et

256 4107 434 4200 θῐῑθῑβὶδ,
455 4111 562 4188 flavis
575 4129 642 4189 aut
653 4115 761 4192 albia.
789 4115 994 4212 Antennoa
1006 4125 1214 4217 porrectae,
1231 4119 1300 4176 eor·
