<?xml version="1.0" encoding="UTF-8"?>
<!DOCTYPE html PUBLIC "-//W3C//DTD XHTML 1.0 Transitional//EN"
    "http://www.w3.org/TR/xhtml1/DTD/xhtml1-transitional.dtd">
<html xmlns="http://www.w3.org/1999/xhtml" xml:lang="en" lang="en">
 <head>
  <title>
</title>
<meta http-equiv="Content-Type" content="text/html;charset=utf-8" />
  <meta name='ocr-system' content='tesseract 3.04.00' />
  <meta name='ocr-capabilities' content='ocr_page ocr_carea ocr_par ocr_line ocrx_word'/>
</head>
<body>
  <div class='ocr_page' id='page_1' title='image "./ichneumonologia01gravgoog_0015.png"; bbox 0 0 2704 4806; ppageno 0'>
   <div class='ocr_carea' id='block_1_1' title="bbox 238 341 264 390">
    <p class='ocr_par' dir='ltr' id='par_1_1' title="bbox 238 341 264 390">
     <span class='ocr_line' id='line_1_1' title="bbox 238 341 264 390; baseline 0 0"><span class='ocrx_word' id='word_1_1' title='bbox 238 341 264 390; x_wconf 79' lang='grc' dir='ltr'><strong>Χ</strong></span> 
     </span>
    </p>
   </div>
   <div class='ocr_carea' id='block_1_2' title="bbox 223 497 1318 3488">
    <p class='ocr_par' dir='ltr' id='par_1_2' title="bbox 226 497 1318 3190">
     <span class='ocr_line' id='line_1_2' title="bbox 235 497 1317 606; baseline -0.001 -26"><span class='ocrx_word' id='word_1_2' title='bbox 235 497 362 580; x_wconf 84' lang='lat' dir='ltr'><strong>minua</strong></span> <span class='ocrx_word' id='word_1_3' title='bbox 381 498 582 605; x_wconf 88' lang='lat' dir='ltr'><strong>a&#39;reliqnis</strong></span> <span class='ocrx_word' id='word_1_4' title='bbox 602 499 766 596; x_wconf 78' lang='lat' dir='ltr'><strong>differit.</strong></span> <span class='ocrx_word' id='word_1_5' title='bbox 816 500 1067 602; x_wconf 80' lang='lat' dir='ltr'><strong>&#39;Quarundam</strong></span> <span class='ocrx_word' id='word_1_6' title='bbox 1090 500 1317 606; x_wconf 80' lang='lat' dir='ltr'><strong>specierum</strong></span> 
     </span>
     <span class='ocr_line' id='line_1_3' title="bbox 234 638 1318 743; baseline -0.002 -25"><span class='ocrx_word' id='word_1_7' title='bbox 234 639 714 730; x_wconf 82' lang='lat' dir='ltr'><strong>maresetleminaenullis,</strong></span> <span class='ocrx_word' id='word_1_8' title='bbox 728 639 991 743; x_wconf 82' lang='lat' dir='ltr'><strong>sigenitalium</strong></span> <span class='ocrx_word' id='word_1_9' title='bbox 1004 639 1189 717; x_wconf 85' lang='lat' dir='ltr'><strong>rationem</strong></span> <span class='ocrx_word' id='word_1_10' title='bbox 1200 638 1318 716; x_wconf 85' lang='lat' dir='ltr'><strong>haud</strong></span> 
     </span>
     <span class='ocr_line' id='line_1_4' title="bbox 235 775 1315 870; baseline 0 -16"><span class='ocrx_word' id='word_1_11' title='bbox 235 775 394 870; x_wconf 85' lang='lat' dir='ltr'><strong>babeas,</strong></span> <span class='ocrx_word' id='word_1_12' title='bbox 422 777 523 854; x_wconf 91' lang='lat' dir='ltr'><strong>notis</strong></span> <span class='ocrx_word' id='word_1_13' title='bbox 543 776 711 854; x_wconf 81' lang='lat' dir='ltr'><strong>externis</strong></span> <span class='ocrx_word' id='word_1_14' title='bbox 731 777 932 868; x_wconf 76' lang='lat' dir='ltr'><strong>differunt3</strong></span> <span class='ocrx_word' id='word_1_15' title='bbox 958 778 1118 856; x_wconf 90' lang='lat' dir='ltr'><strong>aliarum</strong></span> <span class='ocrx_word' id='word_1_16' title='bbox 1139 776 1315 854; x_wconf 80' lang='lat' dir='ltr'><strong>feminae</strong></span> 
     </span>
     <span class='ocr_line' id='line_1_5' title="bbox 234 914 1313 995; baseline -0.003 -5"><span class='ocrx_word' id='word_1_17' title='bbox 234 915 378 990; x_wconf 89' lang='lat' dir='ltr'><strong>annulo</strong></span> <span class='ocrx_word' id='word_1_18' title='bbox 391 914 479 992; x_wconf 88' lang='lat' dir='ltr'><strong>albo</strong></span> <span class='ocrx_word' id='word_1_19' title='bbox 493 915 952 992; x_wconf 81' lang='lat' dir='ltr'><strong>antennarumamaribus</strong></span> <span class='ocrx_word' id='word_1_20' title='bbox 966 914 1182 995; x_wconf 81' lang='lat' dir='ltr'><strong>discedunn</strong></span> <span class='ocrx_word' id='word_1_21' title='bbox 1205 938 1313 988; x_wconf 91' lang='lat' dir='ltr'><strong>non-</strong></span> 
     </span>
     <span class='ocr_line' id='line_1_6' title="bbox 236 1050 1308 1156; baseline 0 -28"><span class='ocrx_word' id='word_1_22' title='bbox 236 1053 428 1130; x_wconf 90' lang='lat' dir='ltr'><strong>nullarum</strong></span> <span class='ocrx_word' id='word_1_23' title='bbox 454 1077 575 1128; x_wconf 89' lang='lat' dir='ltr'><strong>mares</strong></span> <span class='ocrx_word' id='word_1_24' title='bbox 601 1077 753 1156; x_wconf 90' lang='lat' dir='ltr'><strong>quoquc</strong></span> <span class='ocrx_word' id='word_1_25' title='bbox 779 1051 855 1128; x_wconf 89' lang='lat' dir='ltr'><strong>hoc</strong></span> <span class='ocrx_word' id='word_1_26' title='bbox 879 1067 1102 1130; x_wconf 89' lang='lat' dir='ltr'><strong>ornamento</strong></span> <span class='ocrx_word' id='word_1_27' title='bbox 1122 1050 1308 1153; x_wconf 77' lang='lat' dir='ltr'><strong>gaudent.</strong></span> 
     </span>
     <span class='ocr_line' id='line_1_7' title="bbox 234 1188 1313 1293; baseline -0.001 -27"><span class='ocrx_word' id='word_1_28' title='bbox 234 1190 352 1266; x_wconf 17' lang='lat' dir='ltr'><strong>*certe</strong></span> <span class='ocrx_word' id='word_1_29' title='bbox 383 1214 475 1267; x_wconf 89' lang='lat' dir='ltr'><strong>vero</strong></span> <span class='ocrx_word' id='word_1_30' title='bbox 503 1188 543 1264; x_wconf 93' lang='lat' dir='ltr'><strong>in</strong></span> <span class='ocrx_word' id='word_1_31' title='bbox 568 1188 654 1264; x_wconf 89' lang='lat' dir='ltr'><strong>aliis</strong></span> <span class='ocrx_word' id='word_1_32' title='bbox 682 1188 880 1291; x_wconf 85' lang='lat' dir='ltr'><strong>speciebus</strong></span> <span class='ocrx_word' id='word_1_33' title='bbox 908 1189 1006 1267; x_wconf 85' lang='lat' dir='ltr'><strong>aliae</strong></span> <span class='ocrx_word' id='word_1_34' title='bbox 1032 1213 1186 1293; x_wconf 89' lang='lat' dir='ltr'><strong>quoquc</strong></span> <span class='ocrx_word' id='word_1_35' title='bbox 1212 1198 1313 1265; x_wconf 84' lang='lat' dir='ltr'><strong>sunt</strong></span> 
     </span>
     <span class='ocr_line' id='line_1_8' title="bbox 233 1325 1312 1417; baseline -0.004 -11"><span class='ocrx_word' id='word_1_36' title='bbox 233 1342 348 1406; x_wconf 84' lang='lat' dir='ltr'><strong>notae</strong></span> <span class='ocrx_word' id='word_1_37' title='bbox 362 1341 539 1404; x_wconf 80' lang='lat' dir='ltr'><strong>externae</strong></span> <span class='ocrx_word' id='word_1_38' title='bbox 551 1325 792 1404; x_wconf 82' lang='lat' dir='ltr'><strong>distinctivae</strong></span> <span class='ocrx_word' id='word_1_39' title='bbox 805 1351 974 1417; x_wconf 85' lang='lat' dir='ltr'><strong>sexuum,</strong></span> <span class='ocrx_word' id='word_1_40' title='bbox 991 1327 1158 1410; x_wconf 89' lang='lat' dir='ltr'><strong>nondum</strong></span> <span class='ocrx_word' id='word_1_41' title='bbox 1172 1340 1312 1402; x_wconf 88' lang='lat' dir='ltr'><strong>autem</strong></span> 
     </span>
     <span class='ocr_line' id='line_1_9' title="bbox 233 1463 1311 1569; baseline 0 -29"><span class='ocrx_word' id='word_1_42' title='bbox 233 1464 429 1553; x_wconf 84' lang='lat' dir='ltr'><strong>inventae,</strong></span> <span class='ocrx_word' id='word_1_43' title='bbox 463 1464 668 1539; x_wconf 89' lang='lat' dir='ltr'><strong>multarum</strong></span> <span class='ocrx_word' id='word_1_44' title='bbox 689 1464 790 1541; x_wconf 89' lang='lat' dir='ltr'><strong>enim</strong></span> <span class='ocrx_word' id='word_1_45' title='bbox 810 1465 1023 1569; x_wconf 86' lang='lat' dir='ltr'><strong>specierum</strong></span> <span class='ocrx_word' id='word_1_46' title='bbox 1044 1479 1103 1541; x_wconf 94' lang='lat' dir='ltr'><strong>sat</strong></span> <span class='ocrx_word' id='word_1_47' title='bbox 1121 1463 1311 1565; x_wconf 76' lang='lat' dir='ltr'><strong>frequen·-</strong></span> 
     </span>
     <span class='ocr_line' id='line_1_10' title="bbox 233 1599 1306 1704; baseline -0.004 -26"><span class='ocrx_word' id='word_1_48' title='bbox 233 1601 332 1678; x_wconf 90' lang='lat' dir='ltr'><strong>tium</strong></span> <span class='ocrx_word' id='word_1_49' title='bbox 345 1601 408 1678; x_wconf 79' lang='lat' dir='ltr'><strong>vel</strong></span> <span class='ocrx_word' id='word_1_50' title='bbox 422 1599 494 1677; x_wconf 89' lang='lat' dir='ltr'><strong>soli</strong></span> <span class='ocrx_word' id='word_1_51' title='bbox 509 1627 630 1678; x_wconf 85' lang='lat' dir='ltr'><strong>mares</strong></span> <span class='ocrx_word' id='word_1_52' title='bbox 646 1603 708 1679; x_wconf 86' lang='lat' dir='ltr'><strong>vel</strong></span> <span class='ocrx_word' id='word_1_53' title='bbox 723 1601 830 1680; x_wconf 88' lang='lat' dir='ltr'><strong>solae</strong></span> <span class='ocrx_word' id='word_1_54' title='bbox 840 1601 1003 1679; x_wconf 85' lang='lat' dir='ltr'><strong>feminac</strong></span> <span class='ocrx_word' id='word_1_55' title='bbox 1023 1600 1177 1704; x_wconf 85' lang='lat' dir='ltr'><strong>cognoti</strong></span> <span class='ocrx_word' id='word_1_56' title='bbox 1198 1614 1306 1694; x_wconf 88' lang='lat' dir='ltr'><strong>sunt,</strong></span> 
     </span>
     <span class='ocr_line' id='line_1_11' title="bbox 234 1736 1308 1841; baseline 0.002 -27"><span class='ocrx_word' id='word_1_57' title='bbox 234 1764 393 1841; x_wconf 89' lang='lat' dir='ltr'><strong>quarum</strong></span> <span class='ocrx_word' id='word_1_58' title='bbox 414 1763 525 1818; x_wconf 83' lang='lat' dir='ltr'><strong>sexus</strong></span> <span class='ocrx_word' id='word_1_59' title='bbox 548 1739 665 1829; x_wconf 90' lang='lat' dir='ltr'><strong>alter,</strong></span> <span class='ocrx_word' id='word_1_60' title='bbox 699 1765 721 1820; x_wconf 88' lang='lat' dir='ltr'><strong>e</strong></span> <span class='ocrx_word' id='word_1_61' title='bbox 749 1738 848 1814; x_wconf 90' lang='lat' dir='ltr'><strong>notis</strong></span> <span class='ocrx_word' id='word_1_62' title='bbox 873 1739 1104 1816; x_wconf 74' lang='lat' dir='ltr'><strong>distinctivis</strong></span> <span class='ocrx_word' id='word_1_63' title='bbox 1132 1736 1308 1816; x_wconf 80' lang='lat' dir='ltr'><strong>externis</strong></span> 
     </span>
     <span class='ocr_line' id='line_1_12' title="bbox 231 1873 1309 1979; baseline -0.002 -27"><span class='ocrx_word' id='word_1_64' title='bbox 231 1873 467 1966; x_wconf 69' lang='lat' dir='ltr'><strong>nexualibus,</strong></span> <span class='ocrx_word' id='word_1_65' title='bbox 494 1875 572 1978; x_wconf 87' lang='lat' dir='ltr'><strong>jam</strong></span> <span class='ocrx_word' id='word_1_66' title='bbox 595 1875 708 1952; x_wconf 85' lang='lat' dir='ltr'><strong>aliter</strong></span> <span class='ocrx_word' id='word_1_67' title='bbox 727 1875 914 1979; x_wconf 90' lang='lat' dir='ltr'><strong>probatis,</strong></span> <span class='ocrx_word' id='word_1_68' title='bbox 943 1877 1110 1954; x_wconf 91' lang='lat' dir='ltr'><strong>nondum</strong></span> <span class='ocrx_word' id='word_1_69' title='bbox 1130 1874 1212 1951; x_wconf 92' lang='lat' dir='ltr'><strong>erui</strong></span> <span class='ocrx_word' id='word_1_70' title='bbox 1227 1899 1309 1976; x_wconf 87' lang='lat' dir='ltr'><strong>po-</strong></span> 
     </span>
     <span class='ocr_line' id='line_1_13' title="bbox 230 2011 1308 2114; baseline 0.005 -27"><span class='ocrx_word' id='word_1_71' title='bbox 230 2026 340 2103; x_wconf 85' lang='lat' dir='ltr'><strong>terat,</strong></span> <span class='ocrx_word' id='word_1_72' title='bbox 366 2011 461 2090; x_wconf 91' lang='lat' dir='ltr'><strong>licet</strong></span> <span class='ocrx_word' id='word_1_73' title='bbox 474 2011 537 2090; x_wconf 92' lang='lat' dir='ltr'><strong>hic</strong></span> <span class='ocrx_word' id='word_1_74' title='bbox 551 2012 649 2092; x_wconf 88' lang='lat' dir='ltr'><strong>alter</strong></span> <span class='ocrx_word' id='word_1_75' title='bbox 663 2039 784 2103; x_wconf 84' lang='lat' dir='ltr'><strong>sexus,</strong></span> <span class='ocrx_word' id='word_1_76' title='bbox 812 2012 1018 2089; x_wconf 87' lang='lat' dir='ltr'><strong>individuis</strong></span> <span class='ocrx_word' id='word_1_77' title='bbox 1032 2013 1159 2089; x_wconf 86' lang='lat' dir='ltr'><strong>forsan</strong></span> <span class='ocrx_word' id='word_1_78' title='bbox 1177 2038 1308 2114; x_wconf 83' lang='lat' dir='ltr'><strong>aeque</strong></span> 
     </span>
     <span class='ocr_line' id='line_1_14' title="bbox 228 2148 1305 2252; baseline -0.001 -28"><span class='ocrx_word' id='word_1_79' title='bbox 228 2148 512 2252; x_wconf 81' lang='lat' dir='ltr'><strong>frequentibus,</strong></span> <span class='ocrx_word' id='word_1_80' title='bbox 537 2149 614 2251; x_wconf 89' lang='lat' dir='ltr'><strong>jam</strong></span> <span class='ocrx_word' id='word_1_81' title='bbox 635 2150 810 2252; x_wconf 83' lang='lat' dir='ltr'><strong>cognitus</strong></span> <span class='ocrx_word' id='word_1_82' title='bbox 833 2165 888 2239; x_wconf 91' lang='lat' dir='ltr'><strong>at,</strong></span> <span class='ocrx_word' id='word_1_83' title='bbox 916 2149 986 2226; x_wconf 85' lang='lat' dir='ltr'><strong>sub</strong></span> <span class='ocrx_word' id='word_1_84' title='bbox 1008 2149 1160 2226; x_wconf 90' lang='lat' dir='ltr'><strong>nomine</strong></span> <span class='ocrx_word' id='word_1_85' title='bbox 1180 2174 1305 2251; x_wconf 92' lang='lat' dir='ltr'><strong>pecu-</strong></span> 
     </span>
     <span class='ocr_line' id='line_1_15' title="bbox 228 2286 1303 2389; baseline 0.001 -25"><span class='ocrx_word' id='word_1_86' title='bbox 228 2286 328 2375; x_wconf 90' lang='lat' dir='ltr'><strong>liari,</strong></span> <span class='ocrx_word' id='word_1_87' title='bbox 348 2311 419 2388; x_wconf 91' lang='lat' dir='ltr'><strong>pro</strong></span> <span class='ocrx_word' id='word_1_88' title='bbox 436 2286 565 2387; x_wconf 89' lang='lat' dir='ltr'><strong>specie</strong></span> <span class='ocrx_word' id='word_1_89' title='bbox 577 2286 723 2362; x_wconf 89' lang='lat' dir='ltr'><strong>diversa</strong></span> <span class='ocrx_word' id='word_1_90' title='bbox 735 2301 911 2388; x_wconf 87' lang='lat' dir='ltr'><strong>receptus</strong></span> <span class='ocrx_word' id='word_1_91' title='bbox 922 2313 1005 2364; x_wconf 86' lang='lat' dir='ltr'><strong>esse</strong></span> <span class='ocrx_word' id='word_1_92' title='bbox 1019 2287 1151 2389; x_wconf 86' lang='lat' dir='ltr'><strong>possit.</strong></span> <span class='ocrx_word' id='word_1_93' title='bbox 1192 2287 1303 2364; x_wconf 84' lang='lat' dir='ltr'><strong>Haec</strong></span> 
     </span>
     <span class='ocr_line' id='line_1_16' title="bbox 228 2420 1300 2525; baseline -0.006 -23"><span class='ocrx_word' id='word_1_94' title='bbox 228 2423 356 2502; x_wconf 89' lang='lat' dir='ltr'><strong>omnia</strong></span> <span class='ocrx_word' id='word_1_95' title='bbox 371 2422 536 2525; x_wconf 85' lang='lat' dir='ltr'><strong>tempori</strong></span> <span class='ocrx_word' id='word_1_96' title='bbox 550 2420 682 2496; x_wconf 78' lang='lat' dir='ltr'><strong>futuro</strong></span> <span class='ocrx_word' id='word_1_97' title='bbox 697 2422 937 2498; x_wconf 87' lang='lat' dir='ltr'><strong>dilucidanda</strong></span> <span class='ocrx_word' id='word_1_98' title='bbox 950 2438 1156 2500; x_wconf 82' lang='lat' dir='ltr'><strong>remanent.</strong></span> <span class='ocrx_word' id='word_1_99' title='bbox 1180 2420 1300 2518; x_wconf 85' lang='lat' dir='ltr'><strong>Quis·-</strong></span> 
     </span>
     <span class='ocr_line' id='line_1_17' title="bbox 229 2557 1300 2664; baseline -0.003 -28"><span class='ocrx_word' id='word_1_100' title='bbox 229 2587 304 2664; x_wconf 88' lang='lat' dir='ltr'><strong>que</strong></span> <span class='ocrx_word' id='word_1_101' title='bbox 331 2584 443 2650; x_wconf 76' lang='lat' dir='ltr'><strong>vero,</strong></span> <span class='ocrx_word' id='word_1_102' title='bbox 479 2557 545 2662; x_wconf 93' lang='lat' dir='ltr'><strong>qui</strong></span> <span class='ocrx_word' id='word_1_103' title='bbox 575 2583 739 2660; x_wconf 84' lang='lat' dir='ltr'><strong>unquam</strong></span> <span class='ocrx_word' id='word_1_104' title='bbox 763 2558 1071 2661; x_wconf 84' lang='lat' dir='ltr'><strong>disquisitionum</strong></span> <span class='ocrx_word' id='word_1_105' title='bbox 1105 2557 1300 2661; x_wconf 88' lang='lat' dir='ltr'><strong>ejusmodi</strong></span> 
     </span>
     <span class='ocr_line' id='line_1_18' title="bbox 227 2695 1300 2800; baseline 0.001 -28"><span class='ocrx_word' id='word_1_106' title='bbox 227 2721 382 2800; x_wconf 90' lang='lat' dir='ltr'><strong>operam</strong></span> <span class='ocrx_word' id='word_1_107' title='bbox 396 2695 513 2786; x_wconf 82' lang='lat' dir='ltr'><strong>dedit,</strong></span> <span class='ocrx_word' id='word_1_108' title='bbox 539 2695 688 2773; x_wconf 82' lang='lat' dir='ltr'><strong>veniam</strong></span> <span class='ocrx_word' id='word_1_109' title='bbox 706 2695 801 2772; x_wconf 90' lang='lat' dir='ltr'><strong>mihi</strong></span> <span class='ocrx_word' id='word_1_110' title='bbox 815 2695 937 2786; x_wconf 83' lang='lat' dir='ltr'><strong>dabit,</strong></span> <span class='ocrx_word' id='word_1_111' title='bbox 964 2696 1014 2787; x_wconf 91' lang='lat' dir='ltr'><strong>si,</strong></span> <span class='ocrx_word' id='word_1_112' title='bbox 1042 2695 1144 2798; x_wconf 89' lang='lat' dir='ltr'><strong>quod</strong></span> <span class='ocrx_word' id='word_1_113' title='bbox 1166 2695 1300 2773; x_wconf 79' lang='lat' dir='ltr'><strong>nullus</strong></span> 
     </span>
     <span class='ocr_line' id='line_1_19' title="bbox 228 2831 1298 2937; baseline -0.007 -23"><span class='ocrx_word' id='word_1_114' title='bbox 228 2835 347 2936; x_wconf 85' lang='lat' dir='ltr'><strong>magis</strong></span> <span class='ocrx_word' id='word_1_115' title='bbox 359 2860 421 2911; x_wconf 89' lang='lat' dir='ltr'><strong>me</strong></span> <span class='ocrx_word' id='word_1_116' title='bbox 440 2833 525 2937; x_wconf 83' lang='lat' dir='ltr'><strong>ipso</strong></span> <span class='ocrx_word' id='word_1_117' title='bbox 539 2832 734 2935; x_wconf 81' lang='lat' dir='ltr'><strong>intelligit,</strong></span> <span class='ocrx_word' id='word_1_118' title='bbox 749 2831 844 2908; x_wconf 88' lang='lat' dir='ltr'><strong>mihi</strong></span> <span class='ocrx_word' id='word_1_119' title='bbox 859 2859 971 2936; x_wconf 84' lang='lat' dir='ltr'><strong>saepe</strong></span> <span class='ocrx_word' id='word_1_120' title='bbox 984 2831 1085 2910; x_wconf 89' lang='lat' dir='ltr'><strong>haud</strong></span> <span class='ocrx_word' id='word_1_121' title='bbox 1099 2833 1298 2924; x_wconf 89' lang='lat' dir='ltr'><strong>successit,</strong></span> 
     </span>
     <span class='ocr_line' id='line_1_20' title="bbox 226 2969 1300 3052; baseline -0.002 0"><span class='ocrx_word' id='word_1_122' title='bbox 226 2973 354 3052; x_wconf 87' lang='lat' dir='ltr'><strong>omnia</strong></span> <span class='ocrx_word' id='word_1_123' title='bbox 385 2969 502 3048; x_wconf 87' lang='lat' dir='ltr'><strong>dubia</strong></span> <span class='ocrx_word' id='word_1_124' title='bbox 534 2983 575 3050; x_wconf 90' lang='lat' dir='ltr'><strong>et</strong></span> <span class='ocrx_word' id='word_1_125' title='bbox 604 2969 893 3050; x_wconf 87' lang='lat' dir='ltr'><strong>incertitudines</strong></span> <span class='ocrx_word' id='word_1_126' title='bbox 926 2972 968 3050; x_wconf 88' lang='lat' dir='ltr'><strong>in</strong></span> <span class='ocrx_word' id='word_1_127' title='bbox 995 2997 1038 3050; x_wconf 86' lang='lat' dir='ltr'><strong>rc</strong></span> <span class='ocrx_word' id='word_1_128' title='bbox 1070 2985 1148 3046; x_wconf 89' lang='lat' dir='ltr'><strong>tam</strong></span> <span class='ocrx_word' id='word_1_129' title='bbox 1176 2970 1300 3050; x_wconf 81' lang='lat' dir='ltr'><strong>ardua</strong></span> 
     </span>
     <span class='ocr_line' id='line_1_21' title="bbox 227 3135 433 3190; baseline -0.019 0"><span class='ocrx_word' id='word_1_130' title='bbox 227 3135 433 3190; x_wconf 84' lang='lat' dir='ltr'><strong>removere.</strong></span> 
     </span>
    </p>

    <p class='ocr_par' dir='ltr' id='par_1_3' title="bbox 223 3243 1296 3488">
     <span class='ocr_line' id='line_1_22' title="bbox 302 3243 1296 3344; baseline -0.001 -21"><span class='ocrx_word' id='word_1_131' title='bbox 302 3246 417 3344; x_wconf 94' lang='lat' dir='ltr'><strong>Quod</strong></span> <span class='ocrx_word' id='word_1_132' title='bbox 436 3245 573 3323; x_wconf 87' lang='lat' dir='ltr'><strong>attinet</strong></span> <span class='ocrx_word' id='word_1_133' title='bbox 592 3245 639 3319; x_wconf 93' lang='lat' dir='ltr'><strong>ad</strong></span> <span class='ocrx_word' id='word_1_134' title='bbox 657 3243 843 3322; x_wconf 90' lang='lat' dir='ltr'><strong>rationem</strong></span> <span class='ocrx_word' id='word_1_135' title='bbox 863 3243 965 3323; x_wconf 79' lang='lat' dir='ltr'><strong>vitae</strong></span> <span class='ocrx_word' id='word_1_136' title='bbox 978 3245 1296 3338; x_wconf 88' lang='lat' dir='ltr'><strong>Ichneumonum,</strong></span> 
     </span>
     <span class='ocr_line' id='line_1_23' title="bbox 223 3382 1295 3488; baseline 0 -28"><span class='ocrx_word' id='word_1_137' title='bbox 223 3385 317 3462; x_wconf 91' lang='lat' dir='ltr'><strong>haec</strong></span> <span class='ocrx_word' id='word_1_138' title='bbox 337 3383 509 3487; x_wconf 91' lang='lat' dir='ltr'><strong>quidem,</strong></span> <span class='ocrx_word' id='word_1_139' title='bbox 538 3383 579 3458; x_wconf 91' lang='lat' dir='ltr'><strong>in</strong></span> <span class='ocrx_word' id='word_1_140' title='bbox 601 3408 744 3458; x_wconf 87' lang='lat' dir='ltr'><strong>summa</strong></span> <span class='ocrx_word' id='word_1_141' title='bbox 767 3382 841 3472; x_wconf 90' lang='lat' dir='ltr'><strong>rei,</strong></span> <span class='ocrx_word' id='word_1_142' title='bbox 870 3382 919 3458; x_wconf 91' lang='lat' dir='ltr'><strong>de</strong></span> <span class='ocrx_word' id='word_1_143' title='bbox 938 3383 1136 3488; x_wconf 89' lang='lat' dir='ltr'><strong>speciebus</strong></span> <span class='ocrx_word' id='word_1_144' title='bbox 1158 3385 1295 3460; x_wconf 88' lang='lat' dir='ltr'><strong>multis</strong></span> 
     </span>
    </p>
   </div>
   <div class='ocr_carea' id='block_1_3' title="bbox 221 3518 1297 3626">
    <p class='ocr_par' dir='ltr' id='par_1_4' title="bbox 221 3518 1297 3626">
     <span class='ocr_line' id='line_1_24' title="bbox 221 3518 1297 3626; baseline 0.001 -29"><span class='ocrx_word' id='word_1_145' title='bbox 221 3523 298 3626; x_wconf 79' lang='lat' dir='ltr'><strong>jani</strong></span> <span class='ocrx_word' id='word_1_146' title='bbox 313 3537 401 3598; x_wconf 87' lang='lat' dir='ltr'><strong>nota</strong></span> <span class='ocrx_word' id='word_1_147' title='bbox 416 3535 484 3612; x_wconf 86' lang='lat' dir='ltr'><strong>est,</strong></span> <span class='ocrx_word' id='word_1_148' title='bbox 511 3520 622 3623; x_wconf 87' lang='lat' dir='ltr'><strong>plura</strong></span> <span class='ocrx_word' id='word_1_149' title='bbox 634 3545 726 3596; x_wconf 78' lang='lat' dir='ltr'><strong>vero</strong></span> <span class='ocrx_word' id='word_1_150' title='bbox 740 3518 863 3594; x_wconf 81' lang='lat' dir='ltr'><strong>adhuc</strong></span> <span class='ocrx_word' id='word_1_151' title='bbox 876 3519 1153 3613; x_wconf 87' lang='lat' dir='ltr'><strong>desiderantur,</strong></span> <span class='ocrx_word' id='word_1_152' title='bbox 1180 3538 1223 3598; x_wconf 89' lang='lat' dir='ltr'><strong>ut</strong></span> <span class='ocrx_word' id='word_1_153' title='bbox 1241 3522 1297 3598; x_wconf 88' lang='lat' dir='ltr'><strong>il-</strong></span> 
     </span>
    </p>
   </div>
   <div class='ocr_carea' id='block_1_4' title="bbox 218 3657 1295 4186">
    <p class='ocr_par' dir='ltr' id='par_1_5' title="bbox 218 3657 1295 4186">
     <span class='ocr_line' id='line_1_25' title="bbox 221 3657 1295 3762; baseline 0 -25"><span class='ocrx_word' id='word_1_154' title='bbox 221 3661 296 3738; x_wconf 88' lang='lat' dir='ltr'><strong>lam</strong></span> <span class='ocrx_word' id='word_1_155' title='bbox 305 3659 458 3762; x_wconf 92' lang='lat' dir='ltr'><strong>penitus</strong></span> <span class='ocrx_word' id='word_1_156' title='bbox 473 3657 748 3759; x_wconf 81' lang='lat' dir='ltr'><strong>intelligamus:</strong></span> <span class='ocrx_word' id='word_1_157' title='bbox 765 3657 803 3732; x_wconf 89' lang='lat' dir='ltr'><strong>Si</strong></span> <span class='ocrx_word' id='word_1_158' title='bbox 813 3657 1104 3748; x_wconf 83' lang='lat' dir='ltr'><strong>consideramus,</strong></span> <span class='ocrx_word' id='word_1_159' title='bbox 1120 3685 1199 3749; x_wconf 91' lang='lat' dir='ltr'><strong>nos,</strong></span> <span class='ocrx_word' id='word_1_160' title='bbox 1213 3657 1295 3737; x_wconf 89' lang='lat' dir='ltr'><strong>hoc</strong></span> 
     </span>
     <span class='ocr_line' id='line_1_26' title="bbox 221 3794 1294 3900; baseline -0.004 -22"><span class='ocrx_word' id='word_1_161' title='bbox 221 3814 415 3900; x_wconf 89' lang='lat' dir='ltr'><strong>respectu,</strong></span> <span class='ocrx_word' id='word_1_162' title='bbox 437 3797 485 3872; x_wconf 92' lang='lat' dir='ltr'><strong>de</strong></span> <span class='ocrx_word' id='word_1_163' title='bbox 508 3796 684 3898; x_wconf 88' lang='lat' dir='ltr'><strong>plurimis</strong></span> <span class='ocrx_word' id='word_1_164' title='bbox 700 3794 900 3898; x_wconf 88' lang='lat' dir='ltr'><strong>speciebus</strong></span> <span class='ocrx_word' id='word_1_165' title='bbox 914 3796 1012 3872; x_wconf 92' lang='lat' dir='ltr'><strong>nihil</strong></span> <span class='ocrx_word' id='word_1_166' title='bbox 1033 3797 1141 3887; x_wconf 86' lang='lat' dir='ltr'><strong>scire,</strong></span> <span class='ocrx_word' id='word_1_167' title='bbox 1169 3797 1294 3876; x_wconf 87' lang='lat' dir='ltr'><strong>inter-</strong></span> 
     </span>
     <span class='ocr_line' id='line_1_27' title="bbox 218 3931 1287 4040; baseline 0.004 -28"><span class='ocrx_word' id='word_1_168' title='bbox 218 3937 387 4040; x_wconf 73' lang='lat'><strong>‹1110235</strong></span> <span class='ocrx_word' id='word_1_169' title='bbox 409 3933 555 4036; x_wconf 86' lang='lat' dir='ltr'><strong>species</strong></span> <span class='ocrx_word' id='word_1_170' title='bbox 570 3931 821 4036; x_wconf 86' lang='lat' dir='ltr'><strong>Tryphonum</strong></span> <span class='ocrx_word' id='word_1_171' title='bbox 841 3948 918 4011; x_wconf 85' lang='lat' dir='ltr'><strong>tres</strong></span> <span class='ocrx_word' id='word_1_172' title='bbox 933 3950 1079 4010; x_wconf 84' lang='lat' dir='ltr'><strong>tantum</strong></span> <span class='ocrx_word' id='word_1_173' title='bbox 1100 3961 1182 4012; x_wconf 91' lang='lat' dir='ltr'><strong>esse</strong></span> <span class='ocrx_word' id='word_1_174' title='bbox 1198 3937 1287 4033; x_wconf 87' lang='lat' dir='ltr'><strong>(Tr.</strong></span> 
     </span>
     <span class='ocr_line' id='line_1_28' title="bbox 218 4070 1291 4186; baseline -0.004 -32"><span class='ocrx_word' id='word_1_175' title='bbox 218 4087 532 4186; x_wconf 81' lang='lat' dir='ltr'><strong>praerogatorem,</strong></span> <span class='ocrx_word' id='word_1_176' title='bbox 557 4087 870 4174; x_wconf 86' lang='lat' dir='ltr'><strong>compunctorem</strong></span> <span class='ocrx_word' id='word_1_177' title='bbox 890 4087 929 4152; x_wconf 88' lang='lat' dir='ltr'><strong>et</strong></span> <span class='ocrx_word' id='word_1_178' title='bbox 943 4070 1291 4176; x_wconf 83' lang='lat' dir='ltr'><strong>marginntorium),</strong></span> 
     </span>
    </p>
   </div>
   <div class='ocr_carea' id='block_1_5' title="bbox 0 0 1356 4806">
    <p class='ocr_par' dir='ltr' id='par_1_6' title="bbox 0 0 1356 4806">
     <span class='ocr_line' id='line_1_29' title="bbox 0 0 1356 4806; baseline 0 1"><span class='ocrx_word' id='word_1_179' title='bbox 0 0 1356 4806; x_wconf 95' lang='lat' dir='ltr'><strong> </strong></span> 
     </span>
    </p>
   </div>
  </div>
 </body>
</html>
