2686 4814
240 264 317 342 416
629 282 899 336 renarrans

238 447 365 540 flavis,
393 444 623 528 4flavornfo
650 447 711 524 vel
740 446 908 550 margine
934 446 1043 551 nigro
1062 447 1125 526 vel
1148 451 1298 552 punctis

239 569 387 646 duobus
404 567 677 668 nigricantibus
692 568 916 646 dorsalibus,
943 609 997 626 -
1022 569 1180 646 Caetera
1201 584 1244 646 ut
1262 570 1300 646 in

239 689 414 792 pluribus
434 687 599 763 maribus
620 686 806 790 genuinis.

315 811 406 884 Duo
432 807 644 900 individua,
673 809 773 884 oiroa
797 808 942 912 Netley
966 822 1105 911 capta.
1119 808 1233 911 Hope
1256 809 1300 885 ad

239 955 301 1006 me
319 929 434 1006 misit.

237 1253 243 1260 '
321 1241 355 1314 6.
402 1235 608 1335 Segmento
648 1239 673 1314 4
713 1248 798 1312 toto
827 1229 954 1329 floro.
992 1273 1045 1290 -
1081 1231 1299 1333 longitudo

241 1357 397 1450 4-472
437 1355 635 1432 linearum.
698 1353 867 1432 Thorax
900 1353 1126 1456 plerumque
1160 1369 1299 1454 puncto

241 1475 339 1551 ssavo
362 1489 449 1551 ante
477 1475 569 1566 alas,
597 1474 797 1575 alteroque
820 1471 918 1548 infra
945 1474 1034 1549 alas.
1089 1473 1299 1572 Segmentis

166 1623 174 1637 ·
241 1602 357 1674 2-4
380 1593 490 1684 totis,
522 1605 540 1674 1
565 1593 750 1695 margine3
777 1592 895 1668 flavis.
951 1593 1108 1668 Caetera
1138 1591 1238 1670 sicut
1263 1595 1300 1669 in

241 1715 406 1790 maribus
429 1713 603 1816 plurimis
626 1711 810 1814 genuinis.

321 1833 415 1910 Tres
435 1859 554 1908 mares
583 1829 668 1934 cepi
698 1829 810 1907 initio
830 1828 1059 1933 Septembris
1084 1829 1124 1908 io
1145 1832 1301 1910 Societas

243 1955 424 2042 Siluiae,
455 1952 674 2030 Vaccinium
694 1952 905 2054 myrtillum
925 1949 1221 2054 frequentantes.

321 2255 355 2324 7.
382 2242 769 2346 Segmenrotfloom
783 2249 1233 2348 sociauigromueoloro.
1254 2285 1302 2304 -·

242 2367 466 2467 Longitudo
494 2368 650 2460 5-77,
684 2367 881 2443 linearum.
938 2370 1067 2470 Caput
1095 2367 1300 2442 onerarias

243 2503 326 2562 toto
343 2488 449 2588 nigro
466 2502 531 2560 aut
544 2501 628 2560 toto
643 2487 751 2573 flavo,
779 2489 1005 2589 plerumque
1024 2489 1132 2576 flavo,
1161 2488 1302 2562 macula

244 2607 370 2708 clypei
393 2606 515 2706 nigra,
542 2603 639 2678 facie
654 2607 715 2680 vel
739 2608 847 2696 ssavo,
875 2608 1017 2683 lineola
1038 2605 1301 2708 longitudinali

244 2743 310 2802 aut
324 2727 471 2800 macula
487 2722 608 2826 nigra,
637 2725 697 2800 vel
713 2726 834 2828 nigra,
862 2727 996 2802 orbitis
1012 2726 1222 2816 oculorum,
1250 2726 1303 2800 in·

242 2847 392 2922 tendum
409 2846 522 2922 etiam
537 2847 690 2946 punctis
704 2845 850 2920 duobus
869 2845 964 2924 infra
981 2862 1171 2934 antennas,
1187 2845 1299 2922 flavis.

243 2972 447 3045 Antennoe
462 2967 687 3067 plerumque
699 2963 861 3039 articulo
881 2974 898 3044 1
917 2967 1048 3040 subtus
1063 2959 1179 3043 flavo.
1227 2963 1303 3044 Ab·

244 3089 380 3167 damen
407 3083 610 3187 segmentis
635 3090 751 3162 a—4
779 3085 904 3173 flavis3
932 3091 956 3164 4
983 3087 1174 3162 interdum
1202 3086 1302 3161 fulvo

235 3225 311 3297 ¹aut
327 3207 432 3296 ruso,
461 3203 626 3305 margine
642 3204 767 3304 nigro,
796 3205 915 3280 rarius
937 3205 1051 3282 etiam
1070 3206 1151 3284 basi
1167 3229 1303 3284 summa

243 3329 367 3430 nigra;
407 3329 431 3406 5
465 3324 653 3400 interdum
688 3324 871 3399 lateribus
903 3325 995 3400 rufis
1037 3341 1102 3400 aut
1141 3325 1303 3428 margine

243 3472 389 3522 summo
414 3444 624 3520 flavicante.
680 3443 803 3520 Pedes
821 3443 1012 3522 interdum
1041 3444 1145 3522 coxis
1173 3442 1301 3522 auticis

244 3566 375 3640 subtus
394 3579 539 3667 puncto
558 3564 676 3651 flavo,
704 3563 942 3640 distinctione
970 3579 1037 3641 aut
1060 3565 1300 3644 obsoletiore.

244 3687 401 3762 Caetera
418 3685 516 3760 siout
529 3682 570 3758 in
584 3707 687 3760 mare
702 3681 881 3783 genuino.

323 3803 517 3901 Quaedam
551 3802 745 3878 individua
779 3804 864 3904 oapi
893 3801 1051 3906 passsim
1086 3799 1127 3878 in
1153 3799 1301 3882 silesia,

242 3922 434 4000 mensibus
457 3925 625 4023 Augusto
648 3937 688 3998 et
711 3921 942 4026 Septembri,
971 3922 1012 4000 in
1032 3921 1248 4000 umbellatis
1267 3927 1300 3992 et

244 4041 433 4120 fruticetis
438 4072 452 4136 3
478 4041 555 4118 duo
577 4067 623 4118 ex
644 4043 812 4122 Austro
832 4057 874 4120 et
891 4045 1020 4125 [tolio
1036 4041 1179 4148 accepi.
