<?xml version="1.0" encoding="UTF-8"?>
<!DOCTYPE html PUBLIC "-//W3C//DTD XHTML 1.0 Transitional//EN"
    "http://www.w3.org/TR/xhtml1/DTD/xhtml1-transitional.dtd">
<html xmlns="http://www.w3.org/1999/xhtml" xml:lang="en" lang="en">
 <head>
  <title>
</title>
<meta http-equiv="Content-Type" content="text/html;charset=utf-8" />
  <meta name='ocr-system' content='tesseract 3.04.00' />
  <meta name='ocr-capabilities' content='ocr_page ocr_carea ocr_par ocr_line ocrx_word'/>
</head>
<body>
  <div class='ocr_page' id='page_1' title='image "./ichneumonologia01gravgoog_0483.png"; bbox 0 0 2674 4816; ppageno 0'>
   <div class='ocr_carea' id='block_1_1' title="bbox 577 282 847 338">
    <p class='ocr_par' dir='ltr' id='par_1_1' title="bbox 577 282 847 338">
     <span class='ocr_line' id='line_1_1' title="bbox 577 282 847 338; baseline 0.004 -3"><span class='ocrx_word' id='word_1_1' title='bbox 577 282 847 338; x_wconf 74' lang='lat' dir='ltr'>tunnsumott</span> 
     </span>
    </p>
   </div>
   <div class='ocr_carea' id='block_1_2' title="bbox 448 560 994 640">
    <p class='ocr_par' dir='ltr' id='par_1_2' title="bbox 448 560 994 640">
     <span class='ocr_line' id='line_1_2' title="bbox 448 560 994 640; baseline -0.009 -1"><span class='ocrx_word' id='word_1_2' title='bbox 448 573 523 640; x_wconf 76' lang='lat'><strong>17³.</strong></span> <span class='ocrx_word' id='word_1_3' title='bbox 562 562 593 633; x_wconf 89' lang='lat'>1.</span> <span class='ocrx_word' id='word_1_4' title='bbox 612 560 994 634; x_wconf 80' lang='lat' dir='ltr'><strong>DESIGNATORIUS.</strong></span> 
     </span>
    </p>
   </div>
   <div class='ocr_carea' id='block_1_3' title="bbox 388 733 1254 1141">
    <p class='ocr_par' dir='ltr' id='par_1_3' title="bbox 388 733 1254 1141">
     <span class='ocr_line' id='line_1_3' title="bbox 389 733 1252 832; baseline -0.006 -15"><span class='ocrx_word' id='word_1_5' title='bbox 389 749 517 817; x_wconf 81' lang='lat' dir='ltr'>orbitis</span> <span class='ocrx_word' id='word_1_6' title='bbox 548 733 722 818; x_wconf 87' lang='lat' dir='ltr'>oculorum</span> <span class='ocrx_word' id='word_1_7' title='bbox 748 750 906 832; x_wconf 87' lang='lat' dir='ltr'>internis,</span> <span class='ocrx_word' id='word_1_8' title='bbox 933 748 1033 817; x_wconf 87' lang='lat' dir='ltr'>lineis</span> <span class='ocrx_word' id='word_1_9' title='bbox 1060 747 1187 816; x_wconf 86' lang='lat' dir='ltr'>duabus</span> <span class='ocrx_word' id='word_1_10' title='bbox 1210 745 1252 813; x_wconf 88' lang='lat' dir='ltr'>ad</span> 
     </span>
     <span class='ocr_line' id='line_1_4' title="bbox 388 849 1253 941; baseline -0.005 -24"><span class='ocrx_word' id='word_1_11' title='bbox 388 851 514 918; x_wconf 84' lang='lat' dir='ltr'>alarum</span> <span class='ocrx_word' id='word_1_12' title='bbox 533 854 693 934; x_wconf 87' lang='lat' dir='ltr'>radicem,</span> <span class='ocrx_word' id='word_1_13' title='bbox 720 865 913 941; x_wconf 87' lang='lat' dir='ltr'>punctoque</span> <span class='ocrx_word' id='word_1_14' title='bbox 940 849 1070 920; x_wconf 85' lang='lat' dir='ltr'>laterali</span> <span class='ocrx_word' id='word_1_15' title='bbox 1095 872 1253 939; x_wconf 89' lang='lat' dir='ltr'>segmen-</span> 
     </span>
     <span class='ocr_line' id='line_1_5' title="bbox 389 950 1254 1042; baseline -0.003 -22"><span class='ocrx_word' id='word_1_16' title='bbox 389 965 499 1020; x_wconf 83' lang='lat' dir='ltr'>torum</span> <span class='ocrx_word' id='word_1_17' title='bbox 512 950 724 1036; x_wconf 84' lang='lat' dir='ltr'>anteriorum,</span> <span class='ocrx_word' id='word_1_18' title='bbox 742 952 839 1022; x_wconf 84' lang='lat' dir='ltr'>albis.</span> <span class='ocrx_word' id='word_1_19' title='bbox 861 978 906 1023; x_wconf 90' lang='lat' dir='ltr'>m.</span> <span class='ocrx_word' id='word_1_20' title='bbox 919 953 943 1022; x_wconf 83' lang='lat' dir='ltr'>s.</span> <span class='ocrx_word' id='word_1_21' title='bbox 967 957 1118 1042; x_wconf 80' lang='lat' dir='ltr'>(famina</span> <span class='ocrx_word' id='word_1_22' title='bbox 1130 964 1254 1019; x_wconf 84' lang='lat' dir='ltr'>anteu-</span> 
     </span>
     <span class='ocr_line' id='line_1_6' title="bbox 388 1054 735 1141; baseline 0.006 -19"><span class='ocrx_word' id='word_1_23' title='bbox 388 1057 441 1123; x_wconf 90' lang='lat' dir='ltr'>uis</span> <span class='ocrx_word' id='word_1_24' title='bbox 464 1054 735 1141; x_wconf 83' lang='lat' dir='ltr'>ulboannulatis).</span> 
     </span>
    </p>
   </div>
   <div class='ocr_carea' id='block_1_4' title="bbox 161 1277 1262 3665">
    <p class='ocr_par' dir='ltr' id='par_1_4' title="bbox 188 1277 1251 1602">
     <span class='ocr_line' id='line_1_7' title="bbox 264 1277 1251 1387; baseline -0.011 -24"><span class='ocrx_word' id='word_1_25' title='bbox 264 1283 436 1364; x_wconf 83' lang='lat' dir='ltr'>Statura</span> <span class='ocrx_word' id='word_1_26' title='bbox 460 1297 500 1360; x_wconf 88' lang='lat' dir='ltr'>et</span> <span class='ocrx_word' id='word_1_27' title='bbox 525 1282 725 1387; x_wconf 81' lang='lat' dir='ltr'>proportio</span> <span class='ocrx_word' id='word_1_28' title='bbox 751 1281 915 1385; x_wconf 89' lang='lat' dir='ltr'>partium</span> <span class='ocrx_word' id='word_1_29' title='bbox 942 1281 1057 1357; x_wconf 88' lang='lat' dir='ltr'>maris</span> <span class='ocrx_word' id='word_1_30' title='bbox 1087 1278 1189 1354; x_wconf 88' lang='lat' dir='ltr'>sicut</span> <span class='ocrx_word' id='word_1_31' title='bbox 1212 1277 1251 1352; x_wconf 89' lang='lat' dir='ltr'>in</span> 
     </span>
     <span class='ocr_line' id='line_1_8' title="bbox 189 1399 1246 1508; baseline -0.004 -28"><span class='ocrx_word' id='word_1_32' title='bbox 189 1405 318 1508; x_wconf 86' lang='lat' dir='ltr'>specie</span> <span class='ocrx_word' id='word_1_33' title='bbox 350 1405 618 1507; x_wconf 77' lang='lat' dir='ltr'>praecedente,</span> <span class='ocrx_word' id='word_1_34' title='bbox 658 1401 822 1482; x_wconf 78' lang='lat' dir='ltr'>feminae</span> <span class='ocrx_word' id='word_1_35' title='bbox 853 1402 953 1482; x_wconf 85' lang='lat' dir='ltr'>siout</span> <span class='ocrx_word' id='word_1_36' title='bbox 983 1401 1025 1490; x_wconf 88' lang='lat' dir='ltr'>in</span> <span class='ocrx_word' id='word_1_37' title='bbox 1053 1399 1246 1481; x_wconf 68' lang='lat' dir='ltr'>latreum.</span> 
     </span>
     <span class='ocr_line' id='line_1_9' title="bbox 188 1531 399 1602; baseline -0.005 0"><span class='ocrx_word' id='word_1_38' title='bbox 188 1531 399 1602; x_wconf 81' lang='lat' dir='ltr'>natatorio.</span> 
     </span>
    </p>

    <p class='ocr_par' dir='ltr' id='par_1_5' title="bbox 191 1638 1260 2705">
     <span class='ocr_line' id='line_1_10' title="bbox 267 1638 1256 1744; baseline -0.007 -23"><span class='ocrx_word' id='word_1_39' title='bbox 267 1640 831 1744; x_wconf 68' lang='lat' dir='ltr'>LongitudoY-Blinearum.</span> <span class='ocrx_word' id='word_1_40' title='bbox 887 1644 1018 1744; x_wconf 84' lang='lat' dir='ltr'>Caput</span> <span class='ocrx_word' id='word_1_41' title='bbox 1031 1645 1152 1718; x_wconf 82' lang='lat' dir='ltr'>muris</span> <span class='ocrx_word' id='word_1_42' title='bbox 1170 1638 1256 1743; x_wconf 91' lang='lat' dir='ltr'>pal-</span> 
     </span>
     <span class='ocr_line' id='line_1_11' title="bbox 192 1761 1256 1870; baseline -0.007 -29"><span class='ocrx_word' id='word_1_43' title='bbox 192 1766 253 1870; x_wconf 91' lang='lat' dir='ltr'>pis</span> <span class='ocrx_word' id='word_1_44' title='bbox 286 1763 456 1868; x_wconf 76' lang='lat' dir='ltr'><strong>pallidis,</strong></span> <span class='ocrx_word' id='word_1_45' title='bbox 490 1763 589 1840; x_wconf 83' lang='lat' dir='ltr'>facie</span> <span class='ocrx_word' id='word_1_46' title='bbox 623 1764 708 1840; x_wconf 85' lang='lat' dir='ltr'>alba</span> <span class='ocrx_word' id='word_1_47' title='bbox 741 1765 843 1840; x_wconf 89' lang='lat' dir='ltr'>linea</span> <span class='ocrx_word' id='word_1_48' title='bbox 874 1761 1144 1864; x_wconf 90' lang='lat' dir='ltr'>longitudinali</span> <span class='ocrx_word' id='word_1_49' title='bbox 1179 1761 1256 1836; x_wconf 83' lang='lat' dir='ltr'>lata</span> 
     </span>
     <span class='ocr_line' id='line_1_12' title="bbox 192 1881 1257 1986; baseline -0.008 -24"><span class='ocrx_word' id='word_1_50' title='bbox 192 1902 288 1973; x_wconf 85' lang='lat' dir='ltr'>atra,</span> <span class='ocrx_word' id='word_1_51' title='bbox 330 1886 468 1986; x_wconf 90' lang='lat' dir='ltr'>clypeo</span> <span class='ocrx_word' id='word_1_52' title='bbox 500 1883 589 1961; x_wconf 83' lang='lat' dir='ltr'>albo</span> <span class='ocrx_word' id='word_1_53' title='bbox 621 1886 747 1961; x_wconf 91' lang='lat' dir='ltr'>medio</span> <span class='ocrx_word' id='word_1_54' title='bbox 786 1883 913 1984; x_wconf 87' lang='lat' dir='ltr'>nigro,</span> <span class='ocrx_word' id='word_1_55' title='bbox 953 1881 1089 1957; x_wconf 90' lang='lat' dir='ltr'>orbitis</span> <span class='ocrx_word' id='word_1_56' title='bbox 1122 1881 1257 1955; x_wconf 88' lang='lat' dir='ltr'>oculo-</span> 
     </span>
     <span class='ocr_line' id='line_1_13' title="bbox 191 2000 1258 2100; baseline -0.005 -20"><span class='ocrx_word' id='word_1_57' title='bbox 191 2032 275 2080; x_wconf 85' lang='lat' dir='ltr'>rum</span> <span class='ocrx_word' id='word_1_58' title='bbox 294 2003 459 2081; x_wconf 83' lang='lat' dir='ltr'>externis</span> <span class='ocrx_word' id='word_1_59' title='bbox 483 2020 522 2079; x_wconf 92' lang='lat' dir='ltr'>et</span> <span class='ocrx_word' id='word_1_60' title='bbox 541 2005 785 2081; x_wconf 88' lang='lat' dir='ltr'>verticalibus</span> <span class='ocrx_word' id='word_1_61' title='bbox 804 2002 983 2079; x_wconf 80' lang='lat' dir='ltr'>tenuibus</span> <span class='ocrx_word' id='word_1_62' title='bbox 1005 2000 1117 2088; x_wconf 75' lang='lat' dir='ltr'>albis,</span> <span class='ocrx_word' id='word_1_63' title='bbox 1134 2001 1258 2100; x_wconf 85' lang='lat' dir='ltr'>semi·</span> 
     </span>
     <span class='ocr_line' id='line_1_14' title="bbox 192 2119 1258 2209; baseline -0.008 -8"><span class='ocrx_word' id='word_1_64' title='bbox 192 2153 265 2201; x_wconf 85' lang='lat' dir='ltr'>nne</span> <span class='ocrx_word' id='word_1_65' title='bbox 304 2123 396 2199; x_wconf 89' lang='lat' dir='ltr'>solis</span> <span class='ocrx_word' id='word_1_66' title='bbox 435 2124 570 2200; x_wconf 90' lang='lat' dir='ltr'>orbitis</span> <span class='ocrx_word' id='word_1_67' title='bbox 610 2125 812 2202; x_wconf 91' lang='lat' dir='ltr'>oculorum</span> <span class='ocrx_word' id='word_1_68' title='bbox 848 2123 1093 2209; x_wconf 80' lang='lat' dir='ltr'>frontalibus,</span> <span class='ocrx_word' id='word_1_69' title='bbox 1138 2119 1258 2194; x_wconf 89' lang='lat' dir='ltr'>inter-</span> 
     </span>
     <span class='ocr_line' id='line_1_15' title="bbox 193 2242 1259 2337; baseline -0.002 -18"><span class='ocrx_word' id='word_1_70' title='bbox 193 2245 281 2319; x_wconf 89' lang='lat' dir='ltr'>dum</span> <span class='ocrx_word' id='word_1_71' title='bbox 298 2244 411 2319; x_wconf 89' lang='lat' dir='ltr'>etiam</span> <span class='ocrx_word' id='word_1_72' title='bbox 426 2243 641 2337; x_wconf 81' lang='lat' dir='ltr'>socialibus,</span> <span class='ocrx_word' id='word_1_73' title='bbox 667 2244 864 2334; x_wconf 88' lang='lat' dir='ltr'>tenuibus,</span> <span class='ocrx_word' id='word_1_74' title='bbox 892 2242 1000 2317; x_wconf 88' lang='lat' dir='ltr'>albis.</span> <span class='ocrx_word' id='word_1_75' title='bbox 1054 2243 1259 2318; x_wconf 82' lang='lat' dir='ltr'>Antennoe</span> 
     </span>
     <span class='ocr_line' id='line_1_16' title="bbox 197 2361 1260 2463; baseline -0.003 -23"><span class='ocrx_word' id='word_1_76' title='bbox 197 2370 317 2440; x_wconf 84' lang='lat' dir='ltr'>maris</span> <span class='ocrx_word' id='word_1_77' title='bbox 349 2377 564 2463; x_wconf 83' lang='lat' dir='ltr'>porrectae,</span> <span class='ocrx_word' id='word_1_78' title='bbox 598 2366 760 2440; x_wconf 92' lang='lat' dir='ltr'>articulo</span> <span class='ocrx_word' id='word_1_79' title='bbox 792 2374 811 2444; x_wconf 92' lang='lat'>1</span> <span class='ocrx_word' id='word_1_80' title='bbox 841 2361 973 2438; x_wconf 80' lang='lat' dir='ltr'>subtus</span> <span class='ocrx_word' id='word_1_81' title='bbox 1005 2361 1110 2448; x_wconf 88' lang='lat' dir='ltr'>albo;</span> <span class='ocrx_word' id='word_1_82' title='bbox 1134 2361 1260 2461; x_wconf 85' lang='lat' dir='ltr'>semi·</span> 
     </span>
     <span class='ocr_line' id='line_1_17' title="bbox 195 2481 1259 2583; baseline -0.006 -23"><span class='ocrx_word' id='word_1_83' title='bbox 195 2509 269 2560; x_wconf 84' lang='lat' dir='ltr'>noe</span> <span class='ocrx_word' id='word_1_84' title='bbox 284 2481 391 2582; x_wconf 86' lang='lat' dir='ltr'>apice</span> <span class='ocrx_word' id='word_1_85' title='bbox 405 2499 591 2573; x_wconf 80' lang='lat' dir='ltr'>curvatae,</span> <span class='ocrx_word' id='word_1_86' title='bbox 620 2483 790 2559; x_wconf 77' lang='lat' dir='ltr'>articulis</span> <span class='ocrx_word' id='word_1_87' title='bbox 808 2491 914 2562; x_wconf 90' lang='lat'>10-</span> <span class='ocrx_word' id='word_1_88' title='bbox 925 2484 971 2560; x_wconf 84' lang='lat'>15</span> <span class='ocrx_word' id='word_1_89' title='bbox 986 2505 1097 2583; x_wconf 89' lang='lat' dir='ltr'>supra</span> <span class='ocrx_word' id='word_1_90' title='bbox 1110 2496 1151 2554; x_wconf 89' lang='lat' dir='ltr'>et</span> <span class='ocrx_word' id='word_1_91' title='bbox 1164 2481 1259 2554; x_wconf 85' lang='lat' dir='ltr'>late-</span> 
     </span>
     <span class='ocr_line' id='line_1_18' title="bbox 195 2599 1257 2705; baseline -0.003 -28"><span class='ocrx_word' id='word_1_92' title='bbox 195 2603 301 2678; x_wconf 83' lang='lat' dir='ltr'>ribus</span> <span class='ocrx_word' id='word_1_93' title='bbox 330 2600 442 2690; x_wconf 89' lang='lat' dir='ltr'>albis,</span> <span class='ocrx_word' id='word_1_94' title='bbox 476 2601 721 2704; x_wconf 84' lang='lat' dir='ltr'>sequentibus</span> <span class='ocrx_word' id='word_1_95' title='bbox 756 2599 1257 2705; x_wconf 85' lang='lat' dir='ltr'>subcompress0·dilatatis.</span> 
     </span>
    </p>

    <p class='ocr_par' dir='ltr' id='par_1_6' title="bbox 161 2719 1262 3665">
     <span class='ocr_line' id='line_1_19' title="bbox 197 2719 1261 2810; baseline -0.005 -10"><span class='ocrx_word' id='word_1_96' title='bbox 197 2722 365 2800; x_wconf 75' lang='lat' dir='ltr'>Ttorax</span> <span class='ocrx_word' id='word_1_97' title='bbox 380 2721 482 2796; x_wconf 89' lang='lat' dir='ltr'>linea</span> <span class='ocrx_word' id='word_1_98' title='bbox 504 2722 682 2810; x_wconf 90' lang='lat' dir='ltr'>suturali,</span> <span class='ocrx_word' id='word_1_99' title='bbox 709 2722 898 2797; x_wconf 87' lang='lat' dir='ltr'>interdum</span> <span class='ocrx_word' id='word_1_100' title='bbox 910 2719 1147 2810; x_wconf 86' lang='lat' dir='ltr'>abbreviata,</span> <span class='ocrx_word' id='word_1_101' title='bbox 1174 2735 1261 2795; x_wconf 86' lang='lat' dir='ltr'>ante</span> 
     </span>
     <span class='ocr_line' id='line_1_20' title="bbox 161 2827 1262 2944; baseline -0.003 -25"><span class='ocrx_word' id='word_1_102' title='bbox 161 2827 163 2830; x_wconf 30' lang='lat'>⁵</span> <span class='ocrx_word' id='word_1_103' title='bbox 196 2844 290 2932; x_wconf 86' lang='lat' dir='ltr'>alas,</span> <span class='ocrx_word' id='word_1_104' title='bbox 319 2842 420 2917; x_wconf 89' lang='lat' dir='ltr'>linea</span> <span class='ocrx_word' id='word_1_105' title='bbox 434 2840 531 2915; x_wconf 83' lang='lat' dir='ltr'>infra</span> <span class='ocrx_word' id='word_1_106' title='bbox 547 2845 641 2933; x_wconf 88' lang='lat' dir='ltr'>alas,</span> <span class='ocrx_word' id='word_1_107' title='bbox 670 2842 896 2944; x_wconf 87' lang='lat' dir='ltr'>plerumque</span> <span class='ocrx_word' id='word_1_108' title='bbox 914 2841 1056 2918; x_wconf 88' lang='lat' dir='ltr'>lineola</span> <span class='ocrx_word' id='word_1_109' title='bbox 1072 2856 1262 2919; x_wconf 84' lang='lat' dir='ltr'>transver-</span> 
     </span>
     <span class='ocr_line' id='line_1_21' title="bbox 198 2960 1261 3064; baseline -0.004 -24"><span class='ocrx_word' id='word_1_110' title='bbox 198 2962 266 3040; x_wconf 83' lang='lat' dir='ltr'>sali</span> <span class='ocrx_word' id='word_1_111' title='bbox 281 2960 380 3038; x_wconf 84' lang='lat' dir='ltr'>infra</span> <span class='ocrx_word' id='word_1_112' title='bbox 395 2963 609 3053; x_wconf 88' lang='lat' dir='ltr'>scutellum,</span> <span class='ocrx_word' id='word_1_113' title='bbox 629 2963 720 3038; x_wconf 90' lang='lat' dir='ltr'>mari</span> <span class='ocrx_word' id='word_1_114' title='bbox 735 2963 855 3038; x_wconf 88' lang='lat' dir='ltr'>rarius</span> <span class='ocrx_word' id='word_1_115' title='bbox 869 2965 982 3037; x_wconf 89' lang='lat' dir='ltr'>etiam</span> <span class='ocrx_word' id='word_1_116' title='bbox 999 2963 1153 3064; x_wconf 87' lang='lat' dir='ltr'>punctis</span> <span class='ocrx_word' id='word_1_117' title='bbox 1167 2961 1261 3037; x_wconf 91' lang='lat' dir='ltr'>duo-</span> 
     </span>
     <span class='ocr_line' id='line_1_22' title="bbox 195 3080 1260 3184; baseline -0.004 -24"><span class='ocrx_word' id='word_1_118' title='bbox 195 3084 265 3160; x_wconf 90' lang='lat' dir='ltr'>bus</span> <span class='ocrx_word' id='word_1_119' title='bbox 297 3081 583 3174; x_wconf 86' lang='lat' dir='ltr'>metathoracis,</span> <span class='ocrx_word' id='word_1_120' title='bbox 616 3083 725 3159; x_wconf 88' lang='lat' dir='ltr'>albis.</span> <span class='ocrx_word' id='word_1_121' title='bbox 791 3085 896 3160; x_wconf 82' lang='lat' dir='ltr'>Alae</span> <span class='ocrx_word' id='word_1_122' title='bbox 926 3080 1260 3184; x_wconf 78' lang='lat' dir='ltr'>fumatohpalinae,</span> 
     </span>
     <span class='ocr_line' id='line_1_23' title="bbox 196 3200 1262 3302; baseline -0.002 -24"><span class='ocrx_word' id='word_1_123' title='bbox 196 3202 309 3278; x_wconf 90' lang='lat' dir='ltr'>maris</span> <span class='ocrx_word' id='word_1_124' title='bbox 322 3203 511 3279; x_wconf 90' lang='lat' dir='ltr'>interdum</span> <span class='ocrx_word' id='word_1_125' title='bbox 529 3203 783 3290; x_wconf 79' lang='lat' dir='ltr'>obscuriores3</span> <span class='ocrx_word' id='word_1_126' title='bbox 812 3201 988 3302; x_wconf 83' lang='lat' dir='ltr'>stigmate</span> <span class='ocrx_word' id='word_1_127' title='bbox 1009 3201 1116 3278; x_wconf 88' lang='lat' dir='ltr'>radio</span> <span class='ocrx_word' id='word_1_128' title='bbox 1135 3200 1262 3277; x_wconf 85' lang='lat' dir='ltr'>radice</span> 
     </span>
     <span class='ocr_line' id='line_1_24' title="bbox 198 3319 1261 3425; baseline -0.005 -26"><span class='ocrx_word' id='word_1_129' title='bbox 198 3338 239 3399; x_wconf 91' lang='lat' dir='ltr'>et</span> <span class='ocrx_word' id='word_1_130' title='bbox 259 3324 456 3425; x_wconf 85' lang='lat' dir='ltr'>aquamola</span> <span class='ocrx_word' id='word_1_131' title='bbox 481 3322 598 3399; x_wconf 85' lang='lat' dir='ltr'>fuscis</span> <span class='ocrx_word' id='word_1_132' title='bbox 626 3339 691 3399; x_wconf 90' lang='lat' dir='ltr'>aut</span> <span class='ocrx_word' id='word_1_133' title='bbox 717 3319 851 3424; x_wconf 90' lang='lat' dir='ltr'>nigris,</span> <span class='ocrx_word' id='word_1_134' title='bbox 879 3320 1054 3423; x_wconf 81' lang='lat' dir='ltr'>stigmate</span> <span class='ocrx_word' id='word_1_135' title='bbox 1070 3319 1261 3397; x_wconf 85' lang='lat' dir='ltr'>interdum</span> 
     </span>
     <span class='ocr_line' id='line_1_25' title="bbox 199 3437 1260 3547; baseline -0.002 -30"><span class='ocrx_word' id='word_1_136' title='bbox 199 3442 328 3546; x_wconf 80' lang='lat' dir='ltr'>piceos</span> <span class='ocrx_word' id='word_1_137' title='bbox 356 3444 482 3519; x_wconf 86' lang='lat' dir='ltr'>areola</span> <span class='ocrx_word' id='word_1_138' title='bbox 510 3440 849 3547; x_wconf 88' lang='lat' dir='ltr'>quinqueangulari</span> <span class='ocrx_word' id='word_1_139' title='bbox 871 3456 937 3517; x_wconf 91' lang='lat' dir='ltr'>aut</span> <span class='ocrx_word' id='word_1_140' title='bbox 957 3437 1260 3541; x_wconf 85' lang='lat' dir='ltr'>subtriangulari,</span> 
     </span>
     <span class='ocr_line' id='line_1_26' title="bbox 199 3559 1262 3665; baseline 0 -29"><span class='ocrx_word' id='word_1_141' title='bbox 199 3561 292 3636; x_wconf 91' lang='lat' dir='ltr'>mari</span> <span class='ocrx_word' id='word_1_142' title='bbox 310 3563 458 3663; x_wconf 88' lang='lat' dir='ltr'>saepius</span> <span class='ocrx_word' id='word_1_143' title='bbox 474 3560 707 3665; x_wconf 83' lang='lat' dir='ltr'>triangulari.</span> <span class='ocrx_word' id='word_1_144' title='bbox 739 3560 956 3640; x_wconf 82' lang='lat' dir='ltr'>Scutcllnm</span> <span class='ocrx_word' id='word_1_145' title='bbox 971 3561 1111 3637; x_wconf 88' lang='lat' dir='ltr'>album.</span> <span class='ocrx_word' id='word_1_146' title='bbox 1141 3559 1262 3638; x_wconf 82' lang='lat' dir='ltr'>Pedes</span> 
     </span>
    </p>
   </div>
   <div class='ocr_carea' id='block_1_5' title="bbox 197 3680 1263 4146">
    <p class='ocr_par' dir='ltr' id='par_1_7' title="bbox 197 3680 1263 4146">
     <span class='ocr_line' id='line_1_27' title="bbox 197 3680 1263 3784; baseline -0.002 -28"><span class='ocrx_word' id='word_1_147' title='bbox 197 3680 405 3757; x_wconf 86' lang='lat' dir='ltr'>anteriores</span> <span class='ocrx_word' id='word_1_148' title='bbox 420 3684 551 3758; x_wconf 87' lang='lat' dir='ltr'>subtus</span> <span class='ocrx_word' id='word_1_149' title='bbox 564 3682 670 3758; x_wconf 91' lang='lat' dir='ltr'>tibiis</span> <span class='ocrx_word' id='word_1_150' title='bbox 684 3680 793 3756; x_wconf 90' lang='lat' dir='ltr'>tarsis</span> <span class='ocrx_word' id='word_1_151' title='bbox 809 3691 848 3757; x_wconf 85' lang='lat' dir='ltr'>&#39;et</span> <span class='ocrx_word' id='word_1_152' title='bbox 860 3683 1046 3758; x_wconf 81' lang='lat' dir='ltr'>femorum</span> <span class='ocrx_word' id='word_1_153' title='bbox 1061 3681 1172 3784; x_wconf 84' lang='lat' dir='ltr'>apice</span> <span class='ocrx_word' id='word_1_154' title='bbox 1185 3705 1263 3754; x_wconf 88' lang='lat' dir='ltr'>ma·</span> 
     </span>
     <span class='ocr_line' id='line_1_28' title="bbox 198 3798 1260 3905; baseline -0.002 -29"><span class='ocrx_word' id='word_1_155' title='bbox 198 3800 251 3876; x_wconf 87' lang='lat' dir='ltr'>ris</span> <span class='ocrx_word' id='word_1_156' title='bbox 281 3800 392 3889; x_wconf 87' lang='lat' dir='ltr'>albis,</span> <span class='ocrx_word' id='word_1_157' title='bbox 425 3803 588 3880; x_wconf 84' lang='lat' dir='ltr'>feminae</span> <span class='ocrx_word' id='word_1_158' title='bbox 616 3803 753 3878; x_wconf 91' lang='lat' dir='ltr'>albidis</span> <span class='ocrx_word' id='word_1_159' title='bbox 780 3819 846 3877; x_wconf 89' lang='lat' dir='ltr'>aut</span> <span class='ocrx_word' id='word_1_160' title='bbox 870 3801 1113 3905; x_wconf 79' lang='lat' dir='ltr'>ferrugineis3</span> <span class='ocrx_word' id='word_1_161' title='bbox 1146 3798 1260 3877; x_wconf 86' lang='lat' dir='ltr'>medii</span> 
     </span>
     <span class='ocr_line' id='line_1_29' title="bbox 197 3919 1261 4026; baseline -0.001 -32"><span class='ocrx_word' id='word_1_162' title='bbox 197 3919 361 3998; x_wconf 84' lang='lat' dir='ltr'>feminae</span> <span class='ocrx_word' id='word_1_163' title='bbox 383 3921 574 3998; x_wconf 87' lang='lat' dir='ltr'>interdum</span> <span class='ocrx_word' id='word_1_164' title='bbox 592 3922 666 3998; x_wconf 88' lang='lat' dir='ltr'>toti</span> <span class='ocrx_word' id='word_1_165' title='bbox 687 3921 803 4024; x_wconf 83' lang='lat' dir='ltr'>nigri,</span> <span class='ocrx_word' id='word_1_166' title='bbox 831 3935 992 4026; x_wconf 82' lang='lat' dir='ltr'>excepto</span> <span class='ocrx_word' id='word_1_167' title='bbox 1013 3921 1122 4023; x_wconf 88' lang='lat' dir='ltr'>apice</span> <span class='ocrx_word' id='word_1_168' title='bbox 1142 3919 1261 3996; x_wconf 80' lang='lat' dir='ltr'>femo-</span> 
     </span>
     <span class='ocr_line' id='line_1_30' title="bbox 197 4039 1260 4146; baseline -0.002 -30"><span class='ocrx_word' id='word_1_169' title='bbox 197 4065 281 4117; x_wconf 82' lang='lat' dir='ltr'>rum</span> <span class='ocrx_word' id='word_1_170' title='bbox 304 4065 451 4118; x_wconf 86' lang='lat' dir='ltr'>summo</span> <span class='ocrx_word' id='word_1_171' title='bbox 473 4041 943 4146; x_wconf 70' lang='lat' dir='ltr'>stramiaco-ferruginem</span> <span class='ocrx_word' id='word_1_172' title='bbox 970 4041 1075 4119; x_wconf 84' lang='lat' dir='ltr'>coxis</span> <span class='ocrx_word' id='word_1_173' title='bbox 1097 4039 1260 4119; x_wconf 84' lang='lat' dir='ltr'>anterio-</span> 
     </span>
    </p>
   </div>
   <div class='ocr_carea' id='block_1_6' title="bbox 0 0 1353 4816">
    <p class='ocr_par' dir='ltr' id='par_1_8' title="bbox 0 0 1353 4816">
     <span class='ocr_line' id='line_1_31' title="bbox 0 0 1353 4816; baseline 0 0"><span class='ocrx_word' id='word_1_174' title='bbox 0 0 1353 4816; x_wconf 95' lang='lat' dir='ltr'> </span> 
     </span>
    </p>
   </div>
  </div>
 </body>
</html>
