2706 4810
470 343 628 398 rastris
655 345 696 398 rr.
1040 331 1122 410 689

52 523 139 588 tum
162 515 184 590 1
206 507 269 588 vel
289 519 415 586 totum
437 505 586 612 nigrum
604 521 680 596 est,
708 505 771 584 vel
790 505 1115 612 msrgineruium

51 639 80 712 2
102 644 144 706 et
163 638 188 708 8
206 627 290 704 ruis
309 641 416 715 sunt;
451 631 476 706 4
497 629 560 703 vel
579 642 706 704 totum
726 625 893 730 nigrum,
921 632 982 712 vel
1002 634 1116 712 dorso

50 765 121 826 aut
159 747 241 824 basi
273 747 360 850 plus
393 744 519 822 minus
545 761 774 828 castaneum.
830 749 954 826 Unum
980 751 1119 834 horum

50 869 338 948 individuorum
360 865 429 942 sub
450 865 559 968 spice
578 863 721 942 ventris
743 865 842 969 gerit
866 867 996 945 decem
1017 872 1118 948 vesi·

50 991 181 1081 culas,
221 985 318 1080 illis,
365 1011 463 1090 quse
495 1009 580 1090 pag.
608 989 686 1066 224
718 983 760 1062 in
791 1001 882 1064 nota
912 989 1116 1096 descripsi,

50 1111 215 1192 similes.
1039 1136 1044 1151 “

471 1329 569 1431 Psg.
594 1335 700 1410 251.

133 1463 360 1569 Tryphonis
373 1466 616 1572 erythrocers'
632 1463 823 1546 varietatis
841 1474 859 1548 1
876 1493 997 1546 mares
1009 1469 1117 1563 duos,

48 1585 157 1664 circs
172 1587 317 1692 Necley
328 1601 477 1689 captos,
493 1585 607 1688 Hope
618 1587 665 1660 ad
675 1611 736 1662 me
748 1586 868 1664 misit:
893 1589 1120 1692 Longitudo

49 1703 121 1806 8ss
144 1704 343 1782 linearum.
387 1708 492 1784 Aloe
504 1706 700 1808 squamula
716 1706 840 1808 nigra,
858 1709 985 1786 areola
998 1711 1116 1790 nulla.

47 1823 182 1904 Pedes
202 1823 411 1901 femoribus
439 1823 691 1902 anterioribus
720 1827 853 1904 subtus
872 1827 954 1906 basi
974 1855 1119 1908 summa

49 1942 255 2052 nigris-
282 1945 441 2022 Caetera
468 1943 568 2020 sicut
595 1942 636 2020 in
662 1945 855 2025 varietate¹
872 1956 893 2028 1
913 1947 1116 2054 descripta.

473 2165 573 2269 Psg.
602 2171 704 2246 288.

136 2300 363 2410 Tryphonis
375 2305 612 2404 elongatorr's
627 2301 959 2396 individusmults,
973 2331 1123 2384 mascu·
1227 2305 1234 2315 “

47 2423 139 2504 lina
153 2437 193 2498 et
207 2423 408 2514 feminina,
428 2423 542 2527 Hope
555 2419 651 2524 legit
665 2422 765 2500 circs
779 2427 938 2530 Netley‚
958 2451 1120 2528 quorum

46 2542 238 2651 plurimis
270 2560 397 2622 autem
430 2557 676 2620 antennarum
707 2544 861 2620 articuli
894 2544 1020 2620 ultimi
1046 2545 1120 2622 toti

45 2665 159 2744 fusci
181 2679 247 2741 aut
268 2663 366 2766 nigri
395 2677 493 2738 sunt.
556 2663 714 2738 Caetera
737 2688 824 2738 cum
845 2665 1118 2768 speciminibus

43 2790 136 2892 jam
153 2784 355 2888 descriptis
374 2781 618 2859 conveniunt.
645 2823 698 2842 -
725 2783 849 2861 Etiam
863 2792 1064 2862 varietatis
1081 2795 1120 2878 1,

42 2933 143 3016 pag.
159 2911 239 2986 240
254 2902 482 3007 descriptae,
509 2900 703 2980 individua
718 2901 918 2994 nonnulla,
945 2905 1122 2982 antennis

41 3027 151 3106 totis
179 3025 314 3116 fuscis,
353 3022 561 3101 femoribus
592 3022 728 3101 enticis
760 3021 841 3100 fere
871 3022 965 3100 totis
997 3024 1125 3118 flavis,

42 3149 163 3230 circa
183 3145 328 3250 Netley
348 3159 459 3248 capta
480 3155 580 3220 sunt.

475 3367 576 3470 Psg.
602 3369 705 3448 249.

136 3501 366 3610 Tryphonis
388 3505 606 3608 pastoralis
630 3499 792 3580 sanctu
815 3508 856 3593 1,
883 3517 1077 3604 segmento
1100 3509 1121 3584 1

37 3641 192 3716 autem
210 3639 297 3702 tcto
312 3625 441 3728 nigro,
467 3623 584 3701 etism
600 3622 702 3700 circs
716 3623 862 3725 Nettey
880 3638 989 3727 capta
1001 3637 1071 3700 eat.

478 3847 578 3949 Psg.
606 3845 710 3936 258,

140 3983 369 4090 Tryphonis
414 3988 586 4087 mitigari
629 3979 789 4071 femina,
841 3978 943 4057 circa
983 3977 1128 4085 Netley

33 4121 196 4214 apto,
216 4103 443 4208 gomanicis
458 4102 681 4210 respondct;
707 4105 797 4183 clue
810 4115 937 4180 sutem
952 4101 1129 4205 stigmate

86 4241 188 4304 lehn.
204 4239 317 4316 Europ·
340 4239 411 4296 Pars
427 4239 454 4294 1.
813 4225 864 4298 44
