2704 4806
291 319 343 394 10
583 329 803 394 00000000
828 327 1066 384 cuttuttst

284 494 430 601 Splsax
451 493 689 633 nespoldes'
660 453 870 574 arneslubio
883 489 1329 596 adMetopiosadlriben

241 631 367 705 est,
393 615 588 692 necatorro
600 630 640 692 et
654 613 871 692 mrcratorro
884 629 1055 716 cognata
1069 616 1249 690 -Anno
1270 625 1329 696 17

290 733 490 839 Genffrcy
517 737 707 812 Volumcn
740 735 948 812 secundum
973 733 1163 808 Historiae
1190 735 1329 814 Insect

289 880 375 930 rum
395 856 542 932 edebat.
594 861 738 932 Auctor
756 881 777 930 a
796 880 933 956 genere
946 850 1253 930 Ichneumonum
1280 855 1329 930 Li

289 973 376 1050 naei
416 976 653 1052 removebat:
701 977 749 1075 1)
782 974 983 1050 Familiam
1016 971 1175 1076 primam
1216 974 1329 1076 (qua

287 1093 478 1170 Liunaeus
496 1093 577 1195 ipsc
597 1093 673 1195 jam
693 1120 792 1174 anno
816 1102 933 1183 1761,
960 1091 1029 1168 sub
1044 1090 1196 1168 nomiae
1217 1094 1329 1180 siria

289 1211 331 1290 in
357 1212 551 1316 peculiare
570 1237 687 1315 genus
709 1213 1012 1316 segregaverat),
1046 1238 1205 1313 eamque
1237 1213 1329 1316 ing

279 1360 356 1408 nus
377 1334 591 1434 proprium,
619 1331 813 1436 Urccerus
846 1331 1090 1435 adpellatum,
1123 1330 1329 1413 collocabt

279 1453 341 1550 2)
366 1452 547 1553 plurimas
574 1453 720 1553 species
739 1453 907 1530 familiae
938 1451 1111 1539 ultimae,
1151 1477 1329 1552 earumqr

282 1571 382 1652 01100
420 1598 507 1648 cum
539 1597 677 1674 genere
711 1577 905 1680 Cynipum
939 1569 1212 1671 conjungebat,
1271 1572 1329 1648 ali

286 1706 413 1766 autem
441 1690 482 1766 in
515 1713 656 1768 novum
681 1718 816 1792 genus,
860 1693 1078 1793 Diplolepis
1112 1689 1329 1790 adpellatur

285 1809 459 1886 antennis
474 1810 716 1886 fililormibus
733 1809 1278 1911 quatuordecim-articulatis,
1299 1809 1329 1890 al

285 1929 441 2006 domine
460 1945 589 2018 ovato,
618 1930 665 2002 ad
686 1931 803 2006 latera
824 1953 1057 2031 compress0,
1086 1930 1219 2006 subtus
1235 1943 1329 2006 aaut

287 2049 436 2150 petiolo
464 2048 571 2124 brevi
592 2045 738 2124 thoraci
769 2073 960 2137 connexo,
999 2048 1217 2138 delinitum,
1262 2048 1329 2124 red

275 2169 408 2268 ‚gebat
466 2168 634 2244 Classem
657 2169 855 2270 septimam
878 2166 1176 2244 Ichneumonum
1192 2173 1329 2270 Degee

287 2311 440 2386 quoque
460 2287 507 2359 ad
525 2288 680 2387 gradum
695 2286 842 2385 generis
861 2287 1065 2386 peculiaris
1086 2289 1263 2379 tollebat,
1293 2314 1329 2362 su

275 2405 443 2480 nomiae
457 2405 638 2507 Euloplri.
693 2407 893 2480 Caeterum
907 2423 1040 2482 auctor
1060 2408 1190 2507 plures
1209 2405 1328 2509 specis

274 2549 403 2600 novas
440 2522 755 2613 Ichneumonum,
793 2526 970 2625 quasdam
1011 2525 1161 2604 leminis
1202 2523 1324 2628 apteri

284 2643 504 2744 descripsit,
538 2641 704 2744 Spbegcs
725 2671 814 2722 vero
836 2646 952 2720 etiam
979 2673 1065 2724 cum
1085 2644 1327 2724 Ichneumoul

281 2763 356 2840 bus
378 2761 546 2850 miscuit,
574 2787 658 2836 nam
680 2766 824 2864 species
844 2773 911 2853 63,
940 2767 1015 2842 0110
1032 2768 1193 2855 1000000,
1222 2761 1327 2866 impr,¹

273 2882 356 2960 ,0010
371 2908 522 2960 araneas
546 2907 715 2984 magnas,
748 2884 912 2960 obruens
933 2901 973 2961 et
992 2885 1192 2976 devorans,
1228 2883 1326 2988 Spbe

286 3020 355 3092 est,
383 3029 547 3105 veraque
560 3008 686 3106 Vespa
700 3001 936 3078 Ichneumon
950 3021 1146 3082 auctorum
1163 3022 1325 3082 veterum

286 3123 430 3227 species
463 3128 514 3202 74
547 3147 699 3224 quoque
729 3149 838 3198 verus
868 3139 927 3200 000
956 3123 1092 3224 Sphex.
1125 3167 1177 3184 -
1206 3123 1325 3201 Eoder

281 3269 380 3320 anno
407 3244 521 3318 etiam
543 3244 589 3318 Ο.
616 3243 662 3318 F.
685 3245 855 3331 Mulier,
882 3243 922 3316 iu
942 3243 1071 3317 Fauna
1092 3241 1324 3320 Fridrichsda

277 3363 376 3452 lina,
404 3377 444 3438 00
463 3359 755 3464 Pontoppidun,
782 3360 823 3434 in
837 3359 993 3438 historia
1008 3364 1170 3440 naturali
1191 3361 1323 3438 Daniaa

277 3486 410 3587 plures
439 3480 713 3558 Ichneumones
741 3481 997 3560 recensebant.
1031 3525 1084 3542 -
1114 3485 1224 3560 Anno
1251 3484 1323 3560 176

280 3605 460 3690 Stroem,
486 3599 586 3680 inter
605 3606 754 3678 Insecta
777 3602 1010 3703 norwagica,
1038 3602 1220 3704 quosdam
1234 3599 1322 3678 etiaa

271 3722 568 3811 ichneumones,
582 3721 828 3799 describebat.
838 3765 891 3782 -·-
903 3726 1011 3798 Anno
1028 3729 1128 3800 1766
1143 3711 1322 3797 celeberri

271 3863 362 3918 nnus
377 3840 608 3943 Solaneffer,
624 3843 776 3918 sedulus
791 3869 917 3918 rerum
935 3843 1165 3920 naturalium
1179 3836 1321 3934 descrip

272 3977 393 4040 toret
406 3961 542 4062 pictor,
563 3963 761 4042 Elementa
775 3963 1051 4065 entomologica
1074 3979 1113 4040 et
1127 3965 1259 4036 Icoues
1280 3955 1320 4028 ln

272 4095 467 4170 sactorum
481 4082 810 4192 llatiaboncnsium
825 4084 972 4174 edebat,
985 4083 1086 4162 iuter
1099 4076 1320 4188 quaemulw
