2666 4812
596 334 605 346 .
660 285 930 344 [GENEUMON

566 579 643 644 289.
685 567 715 636 Ι.
735 565 1015 636 CELERATOR.

441 739 650 827 ·Segmentis
680 745 777 812 1—4
804 737 1013 828 pedibusque
1044 735 1141 819 rufis,
1173 735 1252 802 coris
1272 742 1295 799 et

462 838 730 906 trocbanteribus
752 863 814 905 nec
836 861 907 906 non
930 836 1092 928 geniculis
1113 839 1241 928 posticis
1258 835 1295 901 ni·

460 943 546 1030 gris,
571 943 725 1008 antennis
748 939 976 1009 tricoloribus.
1018 938 1044 1008 f.
1082 1031 1085 1034 ἱ

336 1151 560 1266 Largitucfo'
600 1161 788 1269 2¹f2-4,
829 1165 1021 1244 rarissime
1061 1167 1086 1245 5
1127 1165 1293 1243 lineumm.

252 1288 465 1366 Arteriace
491 1287 555 1364 vix
588 1287 747 1362 dimidio
779 1311 941 1392 corpore
973 1287 1091 1390 paulo
1125 1286 1293 1389 longiores

261 1409 369 1511 apice
394 1407 587 1494 involut03
622 1407 785 1483 articulo
820 1418 839 1489 1
870 1408 978 1509 nigro
1007 1421 1073 1481 aut
1101 1405 1293 1507 ferrugineo,

251 1530 442 1606 '2-4—5
463 1529 553 1600 rufis
576 1540 642 1600 aut
662 1525 887 1630 ferrugineis
902 1541 967 1602 aut
980 1523 1293 1630 ferrugineofuscis,

261 1649 363 1724 5-8
387 1646 447 1721 vel
472 1654 572 1724 6-9
589 1646 814 1746 nigrofuscis
837 1663 903 1722 aut
923 1646 1162 1748 ferrugineis,
1187 1649 1291 1726 8-132

252 1765 323 1840 uel
345 1765 519 1866 plurimis
540 1791 689 1855 eorum,
716 1765 853 1841 albidis
875 1766 1007 1843 subtus
1027 1762 1292 1844 luscescentibus

261 1899 326 1962 aut
341 1883 577 1986 ferrugineis,
605 1885 849 1988 sequentibus
864 1885 1105 1986 fusconigris.
1160 1884 1294 1962 Thorax

259 2005 513 2110 cylindricus„
563 2007 669 2084 Aloe
699 2003 1038 2106 fumatobyalinee,
1080 2004 1292 2107 stigmabeet

260 2125 367 2199 radio
396 2123 515 2226 piceis
543 2124 769 2226 uut'nigris,
803 2124 928 2202 radice
962 2125 1089 2201 albida
1115 2141 1179 2201 aut
1203 2123 1291 2226 pices

261 2245 457 2343 squamula
478 2244 584 2344 nigra
603 2260 667 2322 aut
689 2244 921 2345 ferruginea,
950 2245 1076 2320 areola
1093 2245 1293 2348 quinquean-

258 2361 394 2462 gulari.
450 2364 572 2444 Pedes
589 2363 816 2453 mediocres,
846 2365 935 2453 rufi,
962 2365 1068 2440 coxis
1091 2383 1131 2444 et
1152 2361 1292 2442 trocban·

259 2481 403 2557 teribus
426 2508 495 2558 nec
515 2507 592 2560 non
614 2483 801 2560 femorum
818 2484 1053 2585 posticorum
1073 2485 1182 2588 apice
1196 2478 1290 2582 nigris

259 2599 380 2678 rarius
398 2600 513 2678 etiem
532 2603 717 2680 femorum
740 2603 950 2680 mediorum
967 2605 1077 2708 apice
1099 2605 1290 2707 nigricante}

256 2719 436 2798 tibiarum
476 2721 707 2822 posticarum
748 2748 894 2799 summo
932 2724 1057 2828 apice,
1101 2727 1290 2829 plerumque

259 2839 375 2916 etiam
413 2840 523 2916 tarsis
558 2843 735 2944 posticis,
775 2840 1095 2935 fuscescentibus3
1137 2839 1288 2945 unguibus

259 2959 433 3038 omnibus
471 2961 601 3040 fuscis.
671 2960 874 3042 Abdomen
908 2963 1042 3066 capitis
1083 2962 1289 3058 thoracisque

256 3077 499 3180 longitudine
526 3096 566 3156 et
592 3080 813 3171 latitudine,
841 3081 950 3183 apice
981 3083 1204 3168 subobtus03
1231 3096 1289 3170 seg·

257 3213 387 3277 mento
405 3207 423 3276 1
440 3199 557 3289 laevi,
586 3199 706 3276 rarius
721 3201 829 3302 nigro
843 3203 1010 3304 margine
1028 3204 1127 3293 rufo,
1154 3200 1288 3304 plerum·

257 3342 331 3419 que
344 3315 431 3393 rufo
446 3318 593 3420 petiolo
607 3318 843 3398 lassescente
856 3336 923 3397 aut
936 3322 1061 3422 nigr0;
1088 3325 1188 3402 2-4
1202 3311 1285 3394 rufisl

256 3437 502 3538 sequentibus
520 3438 647 3539 nigris.
701 3442 872 3520 Aculeus
885 3439 1129 3518 subessertus
1150 3437 1251 3538 niger.

332 3555 507 3632 Feminas
529 3559 657 3659 plures
682 3559 766 3660 cepi
787 3559 978 3636 rnensibus
992 3560 1096 3636 Junii
1111 3573 1150 3634 et
1163 3551 1243 3632 Julii
1259 3545 1286 3620 ir

253 3671 456 3775 Hercynio
476 3694 515 3752 et
534 3678 573 3752 in
592 3679 683 3753 luco
705 3704 825 3781 prope
839 3677 1108 3766 Abdenstedt3
1132 3667 1285 3776 copiosis·

254 3789 368 3868 simas
384 3808 521 3886 eutem,
547 3797 739 3885 mensibus
758 3799 852 3876 Julii
866 3815 907 3877 et
919 3798 1090 3901 Augusti,
1117 3797 1156 3872 in
1170 3781 1285 3868 umbel-

253 3910 342 3989 latis
370 3911 535 4014 regionis
563 3941 783 3993 nemorosae
812 3917 913 3994 circa
941 3917 1087 3993 fontem
1115 3912 1283 3992 salutarem

252 4031 595 4114 helinstadensem.
636 4037 766 4114 Plures
781 4037 896 4115 etiam
911 4035 951 4114 in
966 4037 1121 4127 Silesiu,
1135 4027 1282 4112 Auxiu,
