2698 4802
225 347 277 424 86
504 363 555 413 11.
583 359 748 413 rsnrns
774 359 1011 418 seruitus.

227 525 413 606 abdomen
445 539 571 602 autem
610 528 850 628 petiolnturn,
928 521 1097 602 Petiolus
1134 525 1198 601 rel
1237 541 1305 602 est

227 663 366 736 rectus,
393 648 455 724 vel
476 662 647 721 arcuatus
669 660 709 721 et
722 645 768 720 ad
781 658 927 746 partem
945 643 1164 722 inferiorem
1177 659 1306 719 meta·-

227 767 412 856 thoracis,
447 767 509 841 eui
537 765 733 855 inseritur,
767 765 1009 840 descendens.
1068 765 1306 866 Plerumque

227 887 427 963 tubercula
466 884 676 960 abdominis
717 884 858 959 sessilis
892 883 939 958 ad
971 883 1079 958 basin
1113 887 1306 984 segmenti

227 1006 359 1110 primi,
387 1005 597 1080 abdominis
618 1005 830 1086 subsessilis
852 1020 918 1078 aut
936 1002 1181 1106 subpetiolati
1195 1003 1305 1080 circs

228 1125 413 1216 medium,
442 1124 652 1198 abdominis
671 1125 850 1227 petiolati
864 1139 988 1200 autem
1004 1148 1133 1200 versus
1149 1123 1302 1226 apicem

226 1245 411 1346 segmenti
429 1244 546 1334 illius,
575 1244 646 1319 situ
662 1260 760 1320 sunt.
816 1246 1018 1321 Caeterum
1038 1243 1301 1344 hocsegmen-

225 1381 309 1440 tum
336 1365 487 1467 saepius
516 1364 628 1440 lineis
650 1364 793 1439 duabus
814 1381 880 1440 aut
901 1379 1064 1468 quatuor
1089 1364 1302 1465 longitndi-

226 1483 387 1574 nalibus,
415 1485 502 1586 plus
522 1483 645 1559 minus
665 1483 866 1574 distinctis,
894 1485 1114 1572 carinatum,
1140 1497 1180 1558 et
1197 1482 1299 1558 eica-

225 1603 378 1678 trieulis
413 1629 480 1679 seu
505 1604 658 1706 punctis
688 1630 863 1706 asperum
897 1619 938 1680 et
964 1603 1190 1678 aciculatum
1220 1619 1302 1696 est3

227 1722 340 1799 lineis
363 1721 446 1798 istis
462 1721 689 1824 punctisque
706 1724 895 1798 interdum
919 1721 957 1795 in
979 1738 1215 1824 segmentum
1238 1751 1303 1802 se-

226 1842 394 1917 cundum
415 1841 658 1918 continuatis.
714 1842 926 1918 Secundum
947 1842 1103 1918 tertium
1124 1856 1164 1918 ct
1183 1871 1304 1944 quar-

225 1973 309 2036 tum
335 1960 376 2036 in
397 1960 554 2064 Glyptis
580 1962 693 2039 lineis
718 1962 863 2038 duabus
891 1963 1102 2037 dorsalibus
1126 1962 1301 2066 obliquis

223 2079 407 2184 impressa
427 2097 531 2171 sunt,
566 2083 607 2157 in
625 2081 747 2156 Bassia
770 2081 964 2156 nonnullis
984 2081 1086 2156 linea
1107 2096 1302 2160 transven-

225 2202 307 2277 sali.
361 2205 407 2277 In
427 2201 604 2302 plurimis
625 2200 896 2301 subgeneribus
917 2199 1146 2302 Pimplarum
1168 2203 1301 2279 omnia

224 2319 306 2394 fere
335 2335 526 2419 segmenta
552 2320 639 2421 plus
666 2318 791 2392 minus
817 2324 1059 2396 transversim
1084 2321 1203 2396 incisa
1229 2341 1301 2402 sus

226 2436 534 2513 subtuberoulata
563 2451 662 2511 sunt.
725 2439 920 2537 Segmenta
946 2454 1110 2539 quatuor
1134 2457 1200 2517 aut
1229 2469 1301 2522 sex

225 2554 413 2630 anteriora
441 2555 620 2656 utrinque
645 2562 884 2658 spiraculum
909 2556 1050 2634 habent
1075 2558 1301 2640 distinctius

225 2689 291 2750 aut
304 2673 532 2763 obsoletius;
561 2700 631 2751 nec
645 2701 735 2753 vero
749 2678 894 2768 dubito,
916 2678 1008 2779 quin
1020 2679 1197 2756 omnibus
1212 2708 1302 2786 seg.

224 2792 362 2868 mantis
383 2793 461 2870 tale
480 2793 712 2897 spiraculum
730 2796 888 2882 laterale
911 2797 977 2892 sit,
1005 2797 1149 2880 ultimis
1168 2814 1303 2886 tamen

217 2912 557 3000 obsoletissimum,

705 3276 745 3372 9.
773 3285 810 3358 9.

436 3432 505 3507 De
530 3431 750 3532 partibus
785 3430 1074 3514 sexualibus.

299 3632 425 3709 Mares
451 3630 589 3710 horum
617 3633 849 3712 insectorum
876 3638 1053 3714 nonnulli
1084 3664 1107 3713 s
1139 3638 1297 3720 feminis

222 3751 300 3828 suis
320 3751 504 3827 differunt
526 3753 726 3831 abdomine
744 3757 963 3858 graciliore,
992 3773 1035 3834 ut
1052 3757 1093 3835 in
1115 3761 1297 3862 pluribus

219 3872 418 3972 speciebus
442 3873 671 3974 Cryptorum
697 3891 736 3950 et
754 3876 1002 3979 Pimplarum;
1030 3879 1096 3952 alii
1115 3883 1297 3958 antennis

218 3990 477 4081 crassioribus,
504 4018 536 4068 e.
552 4019 587 4095 g.
609 3996 739 4097 plures
755 3996 902 4099 Crypti,
929 4012 996 4073 aut
1012 3999 1297 4099 gracilioribus,

219 4137 252 4184 c.
277 4135 311 4213 g.
341 4112 473 4214 plures
494 4111 780 4197 ichneumones.
828 4116 988 4196 ¹Multae
1011 4117 1177 4198 feminae
1204 4119 1299 4198 lob-
