2674 4816
352 355 442 412 rara
482 339 517 425 1,
550 355 654 410 sacr
693 357 775 414 tur.
1023 341 1103 420 m

56 545 126 596 rum
138 523 350 604 exterritat
364 523 537 616 internis,
553 523 662 616 flavia
676 535 746 602 aut
756 521 1102 630 flarolerrugineiat

47 647 203 746 seminar
219 651 444 752 plerumque
463 647 556 724 solis
571 646 707 724 orbitis
723 647 871 752 superis
885 649 1100 742 oculorum,

55 769 426 862 rarissimeomuibus,
455 769 496 844 in
509 769 654 846 vertice
674 784 841 846 attamen
862 768 1100 886 interruptis,

53 892 181 967 macula
205 917 383 994 genarum
412 905 454 968 et
484 887 566 965 basi
598 889 920 980 mandibularum,
954 891 1103 969 albidu-

53 1009 153 1090 flaris.
205 1017 410 1093 Antennne
424 1018 545 1090 maris
560 1026 776 1112 porrectae,
804 1037 967 1116 corpore
988 1011 1102 1088 dimi·

54 1129 106 1208 lio
125 1135 234 1238 paulo
253 1135 465 1236 longiores,
493 1131 666 1209 articulis
691 1141 709 1212 1
736 1149 777 1212 et
794 1142 821 1210 2
840 1132 973 1208 subtus
991 1131 1101 1208 flavis

54 1269 105 1328 aut
121 1253 458 1358 barolerrugincia;
473 1255 653 1356 seminar
671 1248 735 1328 rix
755 1251 905 1327 dimidii
926 1250 1100 1354 corporis

53 1369 288 1477 longitudine,
315 1373 426 1478 apice
445 1371 659 1461 involutae,
686 1371 857 1450 aniculis
872 1379 1013 1452 8-16
1033 1385 1102 1451 aut

53 1499 291 1578 9-16a1bis
313 1495 445 1574 subtus
468 1507 612 1596 puncto
631 1491 751 1570 lusco.
807 1493 976 1572 Thorax
997 1491 1101 1570 linea

53 1621 191 1696 suturali
205 1635 296 1696 ante
309 1617 398 1705 alas,
415 1637 534 1717 usqua
550 1613 597 1686 ad
612 1613 759 1690 collum
771 1615 959 1718 elongata,
975 1613 1102 1690 lineo·

51 1733 147 1842 laque
162 1741 258 1818 inira
272 1737 363 1825 alas,
390 1731 582 1812 interdum
598 1731 713 1810 etiam
725 1735 880 1838 punctis
894 1733 1043 1810 duobus
1060 1731 1102 1811 iu

50 1859 198 1960 margine
210 1883 353 1964 supero
366 1854 479 1944 colli,
507 1869 574 1930 aut
593 1869 740 1958 puncto
759 1855 806 1929 ad
828 1857 948 1932 latera
967 1871 1103 1960 pacto·

50 1973 105 2066 ria,
130 1979 321 2057 lineolave
348 1973 590 2053 transversali
613 1972 712 2050 inira
733 1974 955 2065 scutellum,
981 1973 1100 2068 flavia,

50 2090 82 2170 in
98 2096 231 2180 lamina
253 2113 451 2204 praeterea
471 2095 662 2174 rarissima
685 2095 840 2172 lineolis
855 2095 998 2173 duabus
1012 2094 1103 2172 dor-

51 2217 173 2296 salibus
188 2215 533 2324 longitudinalibus
556 2216 752 2322 parallelis
767 2215 1006 2319 prothoracis
1020 2241 1103 2294 sor·

50 2332 347 2418 didestramineis.
393 2341 611 2418 Scutellum
626 2339 778 2414 flavum.
826 2338 1102 2442 Alueamplae,

52 2454 191 2538 siliceo-
223 2476 293 2540 aut
320 2459 692 2563 lumato-hyalinae3
726 2457 902 2562 stigmate
927 2474 968 2534 et
994 2459 1101 2534 radio

50 2578 123 2655 rufis
147 2599 210 2660 aut
235 2581 369 2670 fuscis,
396 2580 518 2658 rarius
547 2581 586 2656 in
609 2607 711 2658 mare
737 2579 874 2671 fulvis3
907 2579 1036 2656 radice
1060 2587 1103 2656 et

50 2705 227 2798 squamata
250 2701 417 2782 feminae
438 2701 572 2792 luscis,
600 2702 713 2778 maris
728 2701 941 2778 stramincis
956 2703 1104 2778 autlla·

48 2813 263 2915 vitantibus,
306 2823 502 2926 squamula
541 2823 768 2925 plerumque
801 2823 949 2898 macula
982 2823 1099 2900 lusca.
1130 2905 1134 2914 ,

49 2931 153 3020 Pedes
165 2947 396 3034 mediocrem
425 2951 546 3021 marla
567 2944 775 3020 anteriores
796 2944 883 3020 flavi
907 2943 1105 3018 autflnvo·

49 3065 242 3159 straminei,
283 3063 474 3142 interdum
507 3064 656 3140 macula
696 3089 877 3139 coxarum
909 3077 950 3140 et
983 3065 1103 3142 latera

47 3199 168 3280 supero
182 3185 469 3263 trochanterum
484 3185 613 3288 nigris,
635 3185 845 3261 semoribus
860 3211 1023 3288 superne
1038 3185 1102 3261 vel

47 3301 140 3395 tntis,
170 3307 234 3386 rel
263 3307 373 3410 apice
398 3310 498 3396 solo,
534 3307 597 3384 vel
625 3321 772 3382 tantum
800 3319 945 3408 puncto
970 3304 1102 3397 basuli,

48 3417 167 3522 nigris,
193 3426 335 3531 postici
351 3428 606 3531 coxi's'nigris,
634 3428 861 3532 plerumque
877 3425 1009 3502 subtus
1024 3455 1105 3503 ma·

47 3542 117 3617 cula
132 3547 326 3628 lineolavc
339 3546 553 3651 ferruginea
577 3561 643 3624 aut
657 3549 770 3639 flava,
798 3546 1103 3624 trochanteribus

47 3661 96 3735 vel
110 3667 199 3742 totis
221 3669 331 3747 flavis
346 3669 408 3746 vel
430 3669 509 3745 basi
537 3669 658 3772 nigra,
685 3669 894 3747 semoribus
908 3669 972 3746 vel
988 3668 1104 3772 nigris

45 3771 114 3856 basi
129 3811 273 3864 summa
293 3790 633 3881 stramineo-rula,
661 3790 724 3867 vel
743 3791 1104 3894 pallidestrsmineia

45 3903 141 3998 spica
155 3909 283 4012 nigro,
310 3911 418 3987 tibiis
438 3912 545 3989 flavis
566 3912 676 4016 apice
693 3913 820 4015 nigro,
848 3912 958 3990 tarsis
982 3912 1106 3990 ferrit-

45 4018 155 4116 gineis
182 4047 250 4108 aut
275 4031 400 4124 flavia,
428 4033 619 4110 interdum
648 4032 822 4138 apicibus
854 4035 1105 4112 articulorum

45 4137 169 4245 nigrim
195 4152 376 4258 semiana
409 4152 517 4234 coxis
548 4168 589 4235 et
626 4153 933 4236 trocbantcribus
974 4153 1105 4258 nigris,
