2706 4810
286 307 366 380 700
668 327 980 380 suurnunnnaa

285 487 536 568 brevioribus.
600 493 771 574 Aculeus
802 519 964 599 corpore
993 494 1156 600 longior,
1191 485 1299 592 vaginis

285 609 494 713 pilosellis,
522 611 670 688 terebra
692 611 757 688 ruf
778 671 787 690 .

282 728 520 926 debSpicum
533 729 729 822 seminam,
751 730 852 810 circa
865 730 1011 840 thley
1024 744 1183 838 captam,
1200 724 1301 830 Hono

697 1079 796 1180 Pag.
829 1083 930 1178 476.

360 1246 505 1349 Crypti
524 1247 738 1326 viduatorii
756 1269 898 1326 marem
922 1263 962 1326 et
982 1259 1147 1350 quatuor
1164 1241 1304 1322 feminas,

283 1364 382 1440 circa
401 1369 544 1472 Netley
563 1386 712 1473 copton
739 1371 852 1473 Hope
872 1395 1022 1445 mecum
1035 1357 1305 1442 communicavit:

281 1491 396 1567 Muri
421 1504 666 1565 antennarum
688 1491 870 1566 articulus
895 1500 914 1570 1
940 1488 1071 1565 subtus
1094 1486 1232 1563 macula
1246 1479 1304 1554 alta

282 1623 341 1686 est
361 1609 550 1699 obsoleta,
581 1611 784 1687 scutellum
808 1610 888 1686 sere
918 1623 1042 1686 totum
1064 1609 1225 1711 nigrum,
1247 1597 1305 1676 solo

280 1745 423 1836 puncto
438 1729 576 1830 apicali
591 1731 690 1807 albo,
719 1732 802 1806 Hoc
815 1731 1054 1807 individuum
1062 1727 1306 1806 mediumtenet

280 1852 382 1926 inter
412 1851 674 1930 viduatorium
702 1867 741 1927 et
770 1859 1077 1954 inconspicuum,
1112 1879 1147 1926 n.
1177 1855 1235 1934 18,
1262 1834 1305 1939 qui

280 1987 422 2048 statura
446 1988 485 2046 et
505 1971 756 2073 proportione
771 1973 937 2074 partium
951 2000 1037 2050 cum
1058 1971 1133 2048 hoc
1148 1992 1240 2044 mare
1251 1985 1305 2036 ou·

277 2091 368 2166 nino
390 2092 575 2192 congruit.
603 2136 657 2151 —
682 2095 787 2167 Inter
798 2095 976 2195 seminus
996 2119 1068 2168 una
1094 2109 1153 2170 cst
1167 2105 1305 2167 antenus

276 2240 361 2287 rum
377 2212 545 2288 articulis
560 2213 650 2286 solis
664 2221 768 2291 7ct8
784 2229 929 2314 puncto
944 2213 1223 2289 obsoletissimo
1235 2205 1303 2286 albo,

277 2333 395 2411 altera
416 2340 590 2408 antennis
612 2339 705 2414 totis
723 2339 856 2436 nigris.
911 2335 1015 2410 Alae
1029 2333 1306 2428 interdumque

274 2453 378 2528 mula
392 2469 472 2528 tota
488 2451 604 2553 nigra.
653 2451 852 2554 Segrnenti
869 2460 887 2530 1
904 2477 990 2560 pars
1006 2453 1133 2528 antica
1147 2441 1304 2526 individuo

274 2573 411 2678 majori
434 2588 564 2648 exacte
585 2571 765 2678 quadrata
787 2588 826 2651 et
846 2574 993 2680 petiolo
1008 2573 1130 2676 triplo
1145 2571 1304 2648 latiores

276 2696 435 2772 Caetera
470 2719 557 2766 cum
589 2691 740 2768 feminis
772 2689 848 2791 jam
882 2692 1086 2794 descriptis
1114 2692 1303 2794 congruunt·

273 2805 490 2889 Notandum
511 2837 602 2892 vero
625 2828 698 2902 est,
726 2808 922 2888 individua
945 2813 1013 2887 illa
1035 2813 1133 2906 duo,
1168 2800 1300 2888 antennis

273 2935 533 3011 subannulatis
554 2947 618 3012 aut
637 2931 728 3005 totis
750 2915 934 3034 nigris,'a
957 2933 1108 3010 duobus
1132 2933 1250 3010 alteris
1266 2926 1302 2998 ic·

272 3055 436 3132 dividuis
468 3053 625 3162 (quibus
649 3051 812 3128 annulus
836 3068 1084 3131 antennarum
1104 3045 1302 3131 distinctior,

272 3193 387 3282 caput
403 3191 442 3250 et
456 3175 588 3250 thorax
606 3199 695 3250 vero
713 3187 792 3247 tota
809 3187 888 3249 atra
903 3179 1010 3275 sunt)
1031 3175 1188 3251 differre
1201 3159 1301 3246 orbitis

271 3299 470 3373 oculorum
498 3294 656 3378 internis
688 3308 728 3374 et
761 3295 946 3390 externis,
987 3295 1209 3402 lineolaque
1232 3281 1302 3363 infra

271 3418 367 3516 aias,
397 3415 505 3496 albis.

683 3640 783 3739 Pag.
813 3643 914 3719 491.

348 3815 493 3914 Crypti
517 3807 704 3886 albutorii
729 3811 891 3887 varietas
920 3811 1084 3888 scutello
1110 3824 1194 3887 toto
1219 3801 1300 3903 nigro

267 3945 415 4038 spectat
432 3931 479 4006 ad
501 3929 708 4008 sectionem
723 3932 905 4034 quintam.
