2698 4802
489 369 497 384 ,
585 305 723 362 narro
751 305 894 358 vrrau.

542 891 805 967 CAPUT
864 891 932 964 III.

398 1133 453 1196 Dc
475 1133 599 1194 ratione
618 1133 707 1193 vitae
729 1131 845 1191 horum
867 1129 1079 1191 Insectorum.

307 1447 465 1524 Plurimi
491 1447 806 1527 Ichneumonides
833 1447 950 1548 agiles
982 1445 1083 1522 cauti
1118 1447 1291 1548 fugaces

205 1582 311 1656 sunt;
344 1569 474 1658 multi,
509 1569 732 1671 praeprimis
763 1595 784 1644 e
812 1567 1011 1668 generibus
1040 1563 1295 1644 Ichneumo-

205 1717 294 1768 num
315 1703 355 1764 et
379 1690 627 1790 Cryptorum,
657 1689 687 1764 si
710 1688 840 1764 sedent
869 1703 934 1762 aut
961 1686 1291 1778 circumcursant,

206 1834 319 1911 saepe
337 1810 510 1884 antennis
525 1809 693 1896 vibrant;
721 1808 787 1881 alii
809 1821 941 1880 autem¹
957 1820 1045 1879 sunt
1066 1805 1292 1905 segniores,

205 1953 240 2003 v.
259 1954 290 2003 c.
314 1927 526 2029 Ophioues,
553 1953 649 2030 quos
672 1927 786 2002 etiam
807 1951 999 2026 nunquam
1020 1926 1199 2001 antennis
1225 1931 1295 2004 vi-

203 2046 312 2123 brare
324 2048 413 2122 vidi.
470 2048 685 2123 Occurrunt
699 2046 791 2122 haec
806 2047 946 2120 insecta
964 2045 1002 2120 in
1017 2044 1177 2118 floribus
1195 2046 1293 2124 sru-

203 2167 292 2242 tetis
327 2169 524 2243 arboribus
559 2166 704 2251 herbis,
740 2165 779 2238 in
814 2165 1013 2266 superficie
1044 2181 1291 2248 truncorum

204 2287 350 2388 sepium
381 2287 586 2386 parietum,
614 2283 727 2357 etiam
757 2282 795 2357 iu
813 2283 1005 2372 domibus3
1033 2301 1119 2359 ante
1140 2291 1289 2364 omnia

203 2421 330 2480 autern
350 2406 461 2479 flores
482 2404 708 2479 umbellatos
729 2402 969 2504 frequentare
983 2419 1022 2479 et
1036 2404 1143 2480 ineis
1164 2431 1290 2484 com-

202 2522 340 2599 morari
368 2539 505 2597 amant.
561 2523 731 2624 Species,
760 2551 917 2624 quarum
941 2523 1103 2598 sentinae
1131 2526 1288 2604 aculeo

203 2645 319 2746 longo
334 2642 539 2717 instructae
553 2658 658 2731 suut,
688 2643 837 2743 saepius
864 2643 978 2718 etiam
1000 2643 1039 2718 in
1054 2643 1285 2745 parietibus

203 2779 243 2838 et
262 2766 406 2839 truncis
432 2761 608 2836 arborum
637 2762 898 2850 inveniuntur;
926 2761 1019 2838 haec
1047 2761 1148 2837 enim
1179 2783 1287 2842 sunt

200 2883 303 2973 loca,
332 2881 396 2956 ubi
425 2881 547 2957 larvas
576 2895 778 2982 quaeruut,
807 2881 943 2982 quibus
970 2907 1041 2956 ova
1068 2879 1286 2983 imponere

200 2997 383 3079 instinctu
399 3002 661 3104 impelluntur.
704 2999 914 3075 Nonnullas
928 3001 1086 3077 seminas
1100 3027 1282 3103 magnas,

201 3124 334 3199 aculeo
360 3122 583 3224 longissimo
610 3121 830 3208 instructas,
859 3146 889 3195 e.
911 3146 945 3222 g.
969 3120 1149 3222 Rhyssam
1179 3146 1284 3222 per-

201 3242 406 3317 suasoriam
422 3259 493 3320 etc.
510 3269 700 3345 nunquam
722 3241 761 3314 in
781 3238 937 3314 floribus
959 3255 1024 3314 aut
1044 3238 1169 3329 foliis,
1199 3245 1281 3320 sed

200 3359 342 3460 ubique
370 3362 410 3434 in
438 3362 583 3435 truncis
607 3361 784 3433 arborum
803 3360 992 3449 sedentes,
1021 3374 1087 3434 aut
1104 3384 1171 3434 eos
1190 3361 1279 3438 cir-

200 3477 508 3566 cumvolitantes,
538 3478 627 3552 vidi.

275 3597 336 3670 De
352 3603 454 3672 victu
468 3595 603 3671 horum
626 3595 857 3671 insectorum
871 3624 892 3672 e
906 3597 1072 3699 propriis
1086 3597 1277 3678 observa-

198 3714 366 3790 tionibus
395 3714 494 3790 haud
521 3716 704 3791 rationem
733 3718 890 3791 reddere
918 3741 1088 3816 possum3
1118 3717 1274 3798 sivero

199 3835 376 3910 alimenta
399 3851 568 3924 sumunt,
597 3836 689 3910 haec
711 3836 839 3935 potius
862 3861 883 3910 e
906 3861 1022 3936 reguo
1042 3837 1270 3936 vegetabili,

197 3981 310 4056 quam
324 3981 370 4030 ex
384 3955 547 4045 animali,
568 3956 764 4032 desumere
779 3955 964 4031 videntur.
1006 3957 1124 4056 Saepe
1139 3971 1272 4032 atten-

196 4073 342 4150 tissime
361 4074 557 4154 observavi
577 4074 788 4165 individua,
817 4073 856 4150 in
869 4075 1026 4154 floribus
1043 4075 1269 4154 umbellatis
