2726 4810
454 386 644 437 ramicis
672 371 697 438 1.
1035 369 1108 448 105

56 547 228 654 dibusque
255 545 519 652 gracilioribus
547 549 593 624 ab
622 527 942 632 Ichneunionibus
970 538 1108 633 dtsttnl

54 685 220 768 mantum
253 671 319 745 sed
343 671 617 775 Hoplr'smenus
640 672 855 767 orbitates,
881 677 993 753 lineis
1021 679 1106 756 istis

48 815 151 892 aeque
165 790 366 865 distinctis
381 817 423 864 ao
437 791 477 864 in
492 791 824 884 Ichneumonibus,
845 811 884 871 et
898 797 1112 876 nonnullae

42 910 201 986 feminae
217 907 522 985 lcbneumouum
544 912 597 1006 (e.
615 937 649 1014 g.
666 912 859 992 lenaeum.
875 919 1108 1011 leucolomit

41 1036 253 1130 gustaturi,
279 1039 474 1122 castanei,
503 1031 671 1132 seduli),
704 1034 838 1110 acoleo
864 1035 1016 1138 longius
1041 1065 1108 1114 ax-

42 1169 150 1244 serto‚
198 1150 375 1227 antennis
408 1152 643 1254 pedibusque
675 1153 955 1255 gracilioribus,
997 1156 1109 1234 ambo

42 1299 174 1374 genera
210 1273 374 1372 jungere
405 1271 592 1348 videntur.
627 1314 679 1330 -
708 1267 947 1377 Hoplismeni
981 1293 1109 1355 autem

43 1393 132 1470 inter
146 1390 434 1468 Ichneumones
448 1407 487 1468 et
504 1397 675 1496 Cryptos
687 1395 883 1497 genuinos,
911 1399 1110 1500 seusami·

44 1515 125 1590 b'am
138 1513 359 1593 secundam
374 1517 634 1616 Cryptorum,
660 1512 874 1592 intermedii
888 1531 987 1592 sunt.
1035 1517 1109 1594 Fe·

43 1637 160 1711 minae
177 1635 434 1734 cryptarum,
462 1633 596 1710 aculeo
616 1633 805 1742 longiore,
832 1635 946 1713 facile
961 1635 1007 1710 sb
1022 1635 1110 1712 Ich-

44 1755 295 1833 neumonibus
311 1750 594 1843 discernuntur3
621 1781 741 1830 mares
760 1769 886 1831 autem
907 1756 1109 1833 nonnulla-

46 1901 123 1950 rum
149 1874 385 1979 specierum,
413 1871 599 1975 imprimis
627 1871 727 1949 inter
753 1874 841 1950 illas
866 1875 992 1950 areola
1016 1902 1109 1977 qua-

51 1994 275 2096 drangulari,
305 2019 465 2095 quorum
480 1993 647 2096 petiolas
662 1993 814 2094 longior
826 2007 885 2069 est
896 2019 1008 2097 quam
1023 2019 1110 2096 pars

57 2115 169 2186 antica
189 2113 375 2216 segmenti
398 2113 528 2216 primi,
557 2111 651 2186 haec
679 2127 804 2187 autem
831 2111 904 2187 illo
932 2112 1046 2187 latior
1072 2125 1112 2188 et

68 2229 446 2335 subquadraugularis,
474 2260 506 2309 e.
528 2259 562 2334 g.
583 2257 702 2307 mares
720 2238 863 2338 Crypti
878 2234 1112 2321 titillatoria,

67 2349 214 2427 maribus
228 2352 451 2456 quibusdam
465 2351 764 2428 Ichneumonum
779 2366 972 2454 segmento
986 2351 1111 2453 primo

59 2467 210 2550 iaeriore
224 2473 337 2548 valde
351 2471 486 2548 similis
502 2489 600 2562 sunt,
615 2499 683 2549 nec
698 2473 770 2550 nisi
785 2475 910 2550 areola
926 2472 1119 2574 quadran-v

55 2593 168 2693 galeri
196 2593 495 2693 distinguuntur.
523 2635 576 2650 ·-
602 2592 903 2668 Ichneumonum
923 2593 1113 2668 minorum

53 2713 216 2816 qnidam,
254 2710 496 2787 cicatricibus
528 2727 567 2787 et
600 2712 712 2790 lineis
746 2713 901 2788 elevatis
928 2713 1113 2816 segmenti

51 2835 156 2935 primi
191 2830 352 2910 omuino
385 2828 466 2908 fere
493 2831 694 2924 obsoletis,
728 2847 997 2937 segmentoque
1027 2835 1113 2937 ipso

49 2953 168 3029 nitido
184 2953 241 3052 (e.
259 2976 293 3052 g.
318 2949 426 3026 Ichu.
443 2951 687 3043 albicinctus,
715 2957 942 3043 annotator,
970 2960 1114 3054 margi-

45 3076 191 3162 aeuus,
218 3073 533 3172 melanogonus),
559 3072 724 3148 medium
752 3087 885 3150 tenent
911 3071 1013 3148 iuter
1038 3070 1114 3146 hoo

45 3195 237 3296 subgenus
271 3205 311 3267 et
337 3190 662 3295 Phygadeuontes
695 3190 924 3292 (familiam
959 3195 1117 3266 tertiam

45 3314 332 3420 Cryptorum),
358 3311 544 3414 imprimis
571 3307 801 3387 albicinctus
829 3325 868 3385 et
892 3312 1116 3402 annulator,

46 3435 93 3507 ob
114 3433 307 3508 abdomen
329 3430 482 3508 brevius
514 3430 859 3534 depressiusculum
880 3445 920 3507 et
939 3432 1116 3508 aculeum

46 3553 165 3653 paulo
193 3551 344 3654 lougius
373 3567 574 3629 exsertum.
628 3552 900 3656 Hoplismenus
918 3559 1115 3652 unigutta-

48 3687 109 3747 tus
123 3696 293 3774 quoque,
321 3697 435 3775 quem
448 3687 557 3747 autea
571 3669 671 3747 iuter
685 3670 960 3748 Ichneumones
974 3696 1114 3773 posue·

47 3815 139 3880 ram,
168 3789 250 3864 illis
265 3792 464 3894 speciebus
478 3791 712 3866 intermediis
730 3791 1028 3867 adnumerandus
1044 3805 1113 3868 est.

48 3909 132 3984 Nec
153 3908 280 3985 minus
303 3911 411 3988 Ichn.
440 3909 619 4001 tibiutor,
646 3925 753 4014 parte
780 3910 904 3986 antica
931 3909 1115 4012 segmenti

50 4027 166 4128 primi
188 4027 311 4106 minus
331 4047 535 4134 praerupte
554 4057 575 4106 a
594 4031 743 4133 petiolo
764 4031 952 4133 sejuncta,
978 4045 1019 4106 et
1032 4055 1117 4133 spe-

53 4149 201 4225 cierum
229 4149 494 4227 nonnullarum
523 4153 577 4254 (e.
610 4177 645 4256 g.
673 4149 782 4232 chn.
810 4151 1055 4230 annotatoris
1077 4165 1118 4228 et
