2706 4810
202 311 467 376 rrurnuuors
493 311 593 366 retr.
620 295 684 366 111.
713 311 910 365 uerutus.
1010 295 1088 372 689

108 1066 232 1170 Caput
249 1083 521 1158 transvertunt,
553 1065 711 1144 thorroo
734 1063 853 1172 paulo
879 1067 1087 1172 augustius,

45 1181 170 1264 collum
185 1211 314 1270 versus
326 1188 467 1268 sensim
481 1201 733 1291 augustarum.
744 1227 799 1246 -·-
818 1189 935 1270 Oculi
947 1188 1087 1283 oveles',

45 1301 146 1382 uriur
165 1309 451 1394 suburbieulnti·
470 1351 523 1368 -
539 1309 744 1391 Amnum
755 1307 951 1412 plerisque
969 1311 1092 1412 gresi-

44 1415 106 1511 les,
135 1429 299 1508 muribus
323 1441 537 1532 porreotte,
568 1427 689 1508 rsrius
710 1443 905 1518 onustae,
936 1427 1092 1512 femiuir

44 1562 215 1640 cunetae,
251 1565 295 1626 ut
313 1548 519 1653 plurimum
545 1547 739 1629 breviores
765 1573 878 1650 quum
904 1549 1090 1642 muribusr

44 1656 213 1746 interdum
241 1668 528 1748 orossiusculue
555 1709 610 1729 ·-
643 1669 705 1746 De
732 1671 909 1749 antennis
943 1683 982 1746 et
1008 1675 1090 1750 oris

42 1785 200 1880 partibas
218 1789 535 1875 sunierosuotsrn
552 1787 598 1864 ud
612 1787 718 1867 lehn.
733 1787 1022 1891 porrectoriuru.
1037 1829 1091 1850 -··

43 1902 192 1986 Piorum
218 1909 411 2014 gibbulus.
439 1951 493 1968 -
516 1908 733 1993 scutellum
753 1905 1093 1988 eonrexiusoulunt

43 2039 96 2098 tut
112 2028 325 2130 globulum,
357 2029 418 2108 vel
440 2027 672 2130 triangulare
701 2024 811 2130 spico
837 2028 992 2118 obtuso,
1027 2029 1091 2112 rei

42 2142 333 2248 subqustrssurn.
356 2192 409 2210 -
427 2145 766 2235 Aiuemediocres,
792 2143 982 2224 interdum
1001 2148 1092 2226 sub-

42 2266 189 2366 turplse‚·‚
211 2271 340 2355 areola
357 2263 1022 2373 quinqueneguisti-subtrisuguleri.
1038 2311 1093 2330 -·

41 2377 147 2464 Pedes
164 2389 415 2495 subgrueiles‚
443 2385 575 2490 paucis
598 2385 839 2478 nutrimenti
861 2402 901 2466 et
919 2387 1092 2468 brevius-

42 2503 123 2595 euti,
150 2511 261 2588 uelde
283 2506 449 2611 elongati
472 2521 513 2586 et
526 2505 687 2608 graciles
701 2505 841 2586 Ischuo
854 2509 1092 2612 porreotorio

41 2617 113 2722 (qui
134 2629 247 2706 etium
262 2627 434 2706 antennis
449 2624 698 2728 longioribus,
725 2625 1012 2733 abdominisque
1026 2658 1093 2714 au-

40 2741 126 2818 nulis
152 2749 352 2838 coloratis,
386 2771 407 2822 a
434 2743 594 2848 reliquis
617 2744 865 2848 cospeoiebus
891 2775 931 2826 se
957 2751 1093 2828 distin·

38 2859 137 2963 guit).
164 2911 219 2928 -
242 2867 447 2950 Abdomen
473 2865 628 2942 thorace
654 2864 824 2966 lougius,
857 2893 981 2970 eoque
1008 2871 1092 2971 ple-

38 2999 183 3087 rumque
208 2987 424 3090 angustius,
453 2981 594 3086 ubique
616 2983 848 3086 aequilatum
877 3013 942 3064 seu
969 2989 1093 3090 cylin-

37 3095 184 3198 drioum,
222 3107 428 3208 segmentis
455 3113 479 3183 6
506 3119 545 3180 et
572 3111 597 3182 7
623 3119 749 3180 tumen
784 3105 933 3208 apicem
962 3134 1092 3186 versus

38 3228 248 3322 angustatisr
276 3239 471 3328 segmento
489 3233 508 3303 1
525 3221 635 3314 laevi,
663 3223 783 3300 rarius
798 3224 1093 3304 subcicstricoso

29 3351 69 3424 ,et
88 3341 196 3424 lineis
218 3344 364 3420 duobus
385 3341 543 3421 elevatis
566 3343 620 3442 (e.
643 3367 678 3444 g.
694 3341 833 3420 Ischno
849 3344 1092 3448 unilineuto),

35 3477 131 3554 parte
152 3464 281 3541 eutice
306 3462 509 3566 subgibbs,
542 3461 643 3538 houd
663 3463 787 3540 multo
818 3463 957 3542 latiore
981 3493 1094 3568 quom

19 3581 212 3674 potiolus,
243 3609 314 3660 neo
335 3596 539 3686 praerupte
559 3581 606 3656 sb
626 3607 673 3658 eo
694 3581 877 3684 sejuncto,
904 3583 1095 3663 rarissime

34 3691 141 3800 duplo
157 3703 297 3779 latiore
310 3729 420 3805 quum
438 3699 606 3804 potiolus
620 3699 779 3799 (Ischno
795 3706 973 3803 moesto).
1004 3707 1093 3804 Quo

35 3821 220 3918 augustior
246 3847 332 3926 pers
367 3821 509 3910 eutice,
550 3843 598 3894 eo
627 3817 800 3896 obtusior
834 3824 995 3926 ungulus
1025 3843 1094 3916 est,

34 3956 136 4032 quem
159 3940 232 4016 ills
253 3967 341 4020 oum
358 3940 509 4048 petiolo
536 3936 702 4018 exhibet.
732 3983 785 4002 -
811 3945 984 4024 Aculeus
1006 3945 1096 4022 sub·

34 4073 206 4138 suerrus.
