2698 4802
244 346 295 417 90
525 357 573 406 rx.
603 353 769 405 rennes·
797 355 1031 407 seruatus.

246 522 506 624 Campoplege
537 518 749 617 alienato),
798 517 988 594 interdum
1014 517 1126 595 vina
1156 519 1319 620 genitali

243 644 413 720 masculo
430 639 660 726 distinctum,
684 638 786 740 quod
800 652 925 714 tamen
937 639 1060 713 minus
1075 641 1220 714 lineare
1232 666 1321 719 esse

246 761 344 840 solet
359 760 423 835 sed
435 760 552 862 magis
566 760 710 834 formae
730 757 858 833 connli
873 758 1080 860 compressi
1098 760 1318 859 respondet.

243 881 376 960 Aculei
396 879 527 956 breves
552 879 779 981 simpliciter
803 894 842 954 et
862 893 968 954 recta
994 905 1041 954 ex
1062 877 1170 980 apice
1198 878 1320 952 abdo-

244 1003 357 1078 minis
384 1002 521 1076 exserti
550 1025 631 1075 esse
660 999 854 1087 videntur,
888 997 1113 1098 terebraque
1133 997 1318 1072 instructi

243 1137 332 1200 sunt
363 1119 592 1196 setaeformi.
661 1119 771 1193 Plura
800 1117 1125 1192 commemoranda
1152 1132 1241 1193 sunt
1267 1119 1316 1195 de

241 1243 383 1320 aculeis
398 1238 633 1340 longioribus
649 1252 688 1314 et
701 1238 943 1338 longissimis.
999 1237 1145 1314 Horum
1162 1236 1313 1313 terebra

242 1362 391 1463 saepius
439 1359 546 1461 apice
592 1357 1202 1459 subdilatato-compressiuscula
1240 1385 1315 1433 seu

238 1480 632 1567 lineari-lanceolata,
660 1477 792 1579 ibique
804 1479 948 1577 nugulis
962 1479 1194 1567 transversis,
1219 1477 1314 1580 plus

240 1601 365 1676 minus
385 1598 585 1687 distinctis,
611 1597 730 1672 incisa
749 1612 824 1687 cst3
853 1623 965 1699 saepe
985 1621 1076 1673 vero
1103 1596 1220 1672 etiam
1243 1621 1318 1698 per

238 1733 359 1792 totam
406 1718 683 1820 longitudinem
721 1717 1079 1820 compressiuscula‚
1128 1743 1160 1792 e.
1194 1742 1230 1818 g.
1276 1719 1315 1792 in

239 1837 396 1939 Pimplis
420 1837 660 1935 (conferatur
673 1840 712 1914 P.
729 1837 984 1935 varicornis);
1012 1837 1203 1912 interdum
1216 1863 1318 1940 quo·

239 1984 314 2060 que
340 1955 487 2032 terebra
514 1957 855 2058 compressiuscula
884 1956 973 2058 plus
1002 1955 1127 2032 minus
1161 1983 1317 2034 sursum

239 2092 392 2152 curvata
406 2093 478 2167 est,
508 2079 549 2150 in
568 2079 754 2153 Porizone
769 2075 992 2151 claviventri
1007 2092 1144 2166 autem,
1171 2079 1317 2178 magis·

239 2201 364 2301 quein
380 2197 563 2274 Porizone
577 2198 790 2298 gravipede,
818 2196 1316 2275 falcato-sursumcurvata.

234 2319 403 2420 Vaginae
422 2319 648 2419 plerumque
665 2331 818 2391 externe
834 2331 997 2416 punctae
1013 2331 1100 2390 sunt
1116 2331 1156 2392 et
1168 2318 1319 2418 pubes·

236 2454 383 2525 centes,
412 2437 601 2512 interdum
623 2436 727 2537 ipsae
746 2436 964 2537 pilosellae,
992 2432 1091 2509 baud
1107 2461 1192 2510 raro
1215 2463 1319 2538 quo-

237 2583 311 2660 que
325 2556 472 2658 apicem
486 2582 615 2633 versus
636 2557 943 2629 subincrassatae.
998 2554 1189 2644 Feminae,
1219 2583 1321 2634 acu-

143 2727 144 2730 =
234 2679 297 2752 leo
317 2678 433 2778 longo
462 2677 685 2765 instructae,
716 2673 835 2764 hune,
870 2673 910 2747 in
933 2673 1009 2748 situ
1033 2675 1180 2777 quieto,
1217 2701 1320 2778 por-

233 2815 378 2873 rectum
393 2822 522 2899 gerare
537 2797 681 2884 solent;
708 2821 804 2897 quae
825 2808 949 2869 autem
964 2796 1137 2871 aculeum
1151 2795 1321 2897 perbre-

232 2946 317 2996 vem
336 2935 402 2993 aut
420 2917 681 2992 subexsertum
695 2915 853 3004 habent,
881 2914 983 2989 hunc
1006 2940 1117 3017 saepe
1132 2917 1222 3017 plus
1235 2919 1320 2996 mi-

231 3067 300 3116 nus
315 3037 471 3139 oblique
486 3051 654 3113 erectum
672 3052 819 3139 gerunt.
876 3035 913 3108 Si
929 3061 1021 3110 vero
1036 3035 1321 3136 perturbantur

230 3175 455 3262 premuntur
481 3171 547 3232 aut
575 3183 645 3233 ova
676 3158 867 3259 deponere
890 3170 1093 3256 quaerunt,
1128 3157 1319 3237 aculeum

230 3278 405 3352 omnibus
434 3277 727 3364 directionibus,
764 3301 911 3350 sursum
940 3290 979 3351 et
1004 3274 1198 3366 deorsum,
1233 3308 1319 3360 nee

228 3420 336 3483 vero,
365 3411 407 3468 ut
429 3398 595 3484 videaur,
624 3397 743 3468 latera
764 3419 914 3484 versus,
943 3419 1095 3471 movere
1117 3411 1157 3471 et
1178 3421 1321 3478 remo.

228 3539 317 3590 vere
358 3529 527 3615 possunt.
589 3516 651 3588 De
685 3512 772 3587 loco
805 3513 1023 3592 insertionis
1057 3516 1231 3594 tenebrae
1273 3541 1320 3600 et

227 3634 445 3736 vaginarum
461 3633 555 3709 haec
569 3632 736 3708 addenda
755 3649 859 3709 sunt:
881 3639 925 3710 In
941 3637 1072 3711 multis
1087 3635 1318 3737 speciebus,

225 3753 450 3858 praeprimis
472 3753 512 3827 in
535 3753 736 3854 generibus
758 3753 984 3857 Rhyssarum
1005 3773 1044 3833 et
1061 3755 1317 3856 Porizonum,

224 3876 291 3951 sed
315 3874 430 3952 etiam
451 3873 491 3948 in
513 3874 671 3977 Pimplis
693 3875 847 3977 Cryptis
867 3891 940 3953 etc.
969 3900 1127 3980 quarum
1146 3875 1316 3956 leminis

223 3995 409 4069 abdomen
436 3993 544 4097 apice
565 3996 812 4070 incrassatum
834 4011 873 4070 et
896 4013 1128 4084 truncatum,
1164 3996 1317 4078 subtus

222 4117 316 4192 rima
341 4113 795 4217 longitudinali'incisum
815 4131 893 4207 est,
927 4115 1028 4192 baud
1054 4139 1139 4192 raro
1166 4115 1316 4197 obsen-
