2726 4810
394 332 496 386 ιιιι.
523 313 558 398 1,
585 331 701 386 soor.
731 335 756 386 1.
1034 321 1108 400 111

62 499 147 578 tou
169 523 328 604 auspex
349 497 462 576 Mon.
484 495 614 575 emor.
636 523 673 574 ιι.
699 503 812 582 1⁷92.

61 621 144 702 Ictu
163 625 392 702 molitorius
409 617 575 698 Sohranl
594 619 709 694 Boion
728 646 812 725 pag.
826 627 932 704 2072
949 647 1027 702 tur.
1042 623 1109 704 «lt

254 737 459 842 (Conferat
488 763 696 842 synonyma
723 741 840 818 mixtu
867 741 914 818 ud
937 760 1107 824 nostrum

250 861 362 942 Icltm
384 862 654 962 molitort'um).

293 1167 430 1244 Noto:

107 1344 169 1419 Ex
191 1338 464 1420 observatione
480 1334 748 1442 Toentepohlli
766 1335 949 1416 articulus
969 1367 1105 1421 secun-

42 1464 100 1540 ‹luu
123 1463 342 1568 polporum
361 1463 599 1538 anteriorum
621 1458 754 1537 eedem
779 1475 839 1538 eut
857 1457 978 1538 formu
998 1491 1042 1540 uo
1062 1463 1105 1542 in

41 1587 139 1664 lelun.
161 1584 432 1663 luminatore'o.

107 1709 168 1781 An
191 1696 656 1805 Geoffroye'lclneumon
674 1707 743 1791 19,
770 1725 884 1803 quem
896 1699 1104 1810 Fourcroy

42 1849 120 1898 cum
134 1824 397 1902 lelneumone
411 1825 642 1897 oomltotore
656 1817 873 1920 conjunxit,
901 1821 1030 1900 eudem
1052 1825 1103 1900 sit

44 1944 200 2042 speeies,
226 1939 368 2018 dubius
388 1960 484 2016 tum.
538 1937 842 2042 Edeseriptione
856 1957 1103 2020 antennarum

48 2059 121 2136 lere
137 2060 379 2165 longitudine
396 2057 569 2162 corporis
589 2059 778 2160 suspicor,
805 2075 998 2137 auctorem
1019 2064 1104 2138 luu-
1258 2139 1264 2148 ,

57 2177 175 2253 tuum
193 2181 388 2284 cujusdem
415 2175 556 2283 speciei
583 2203 723 2254 murem
756 2199 883 2254 conum
913 2177 1101 2276 habuisse,

59 2313 220 2376 unootro
242 2301 438 2381 loltneum.
464 2305 695 2379 comitatore
720 2295 948 2394 foeminino,
974 2301 1102 2409 capite

53 2417 274 2526 pedibusque
287 2421 382 2498 totis
397 2419 527 2523 nigris,
554 2419 843 2522 discrepantem.
897 2421 969 2498 Sed
984 2451 1101 2526 quae-

46 2541 149 2635 ritur,
176 2569 318 2620 numne
338 2539 403 2618 hic
425 2539 625 2643 Geoffroyi
647 2539 898 2633 Ichneumon,
925 2541 1019 2619 mihi
1040 2547 1100 2623 iu-

42 2666 225 2766 cognitus,
254 2689 366 2740 verus
388 2665 633 2740 eomitotom's
652 2687 736 2738 moe
749 2659 816 2751 eit,
837 2687 943 2754 oum,
968 2665 1100 2745 colore

41 2785 169 2886 cupitis
198 2799 240 2860 et
266 2779 425 2885 pedum,
457 2777 596 2857 melius
622 2781 670 2857 od
695 2779 803 2860 Iclm.
831 2789 1100 2865 comitatorem

38 2921 231 2980 auctorum
258 2927 370 3005 supro
397 2901 645 3003 allegatorum
679 2904 854 3007 quadret,
889 2929 1002 3008 quum
1034 2904 1100 2983 hio
1168 2983 1169 2986 ,

33 3041 181 3112 ιιοιιεις
217 3047 402 3125 nusquam
436 3021 538 3100 enim
565 3019 774 3100 orbitarum
802 3022 1032 3126 pallidorum
1060 3039 1101 3103 et

30 3146 174 3222 coloris
201 3139 410 3244 ferruginei
436 3138 577 3246 pedum
599 3141 811 3218 untioorum
837 3143 983 3219 mentio
1001 3142 1100 3224 lactu

28 3283 95 3344 est.
154 3263 284 3342 Etiam
297 3260 530 3342 Ichneumon
542 3259 708 3364 Degeeri
723 3264 753 3352 l,
773 3287 811 3364 p.
826 3263 914 3354 5⁸1,
941 3261 1018 3353 tab.
1033 3269 1097 3358 24,

28 3387 87 3490 fig.
114 3393 168 3466 10
189 3382 237 3458 ud
256 3381 359 3458 huno
378 3407 518 3458 merem
539 3395 711 3486 spectare
731 3381 894 3461 videtur.

102 3503 232 3581 Nullo
258 3501 373 3577 modo
399 3515 525 3579 nutem
554 3500 629 3579 huo
655 3501 790 3583 referri
811 3517 971 3609 ponunt
987 3503 1096 3588 lehn.

29 3631 246 3703 comitator
258 3619 389 3696 Christ
402 3646 440 3726 p.
457 3625 551 3715 154,
577 3623 654 3701 tub.
671 3633 738 3716 56,
765 3625 828 3729 fig.
845 3636 885 3719 1,
912 3639 952 3702 et
965 3624 1099 3705 Sulzeo

28 3743 174 3822 Geuob.
188 3740 267 3818 tuh.
283 3749 351 3832 26,
378 3741 441 3846 fig.
461 3747 510 3824 14
525 3743 629 3847 (qui,
657 3745 835 3850 obpedeu
855 3759 957 3824 totos
977 3747 1095 3839 tulos,

28 3865 71 3938 ud
99 3877 277 3940 nostrum
302 3861 412 3940 Iolen.
434 3859 658 3944 bilineotum
681 3868 866 3968 spectat),
894 3893 964 3943 neo
985 3867 1096 3946 Iclm.
1204 3925 1208 3930 -

29 3989 247 4062 comitator
260 3979 422 4060 otivieri
435 4009 472 4087 p.
492 3991 577 4074 177,
604 4012 641 4060 ιι.
659 3987 710 4064 64
724 3985 830 4088 (qui,
856 3985 906 4062 ob
919 3985 1096 4065 oculeum

29 4127 196 4207 corpore
221 4101 453 4207 longiorem,
480 4102 527 4182 ud
546 4103 807 4186 Metoeteuum
831 4105 1095 4210 gladiatorem
