2698 4810
640 336 910 389 lctttttttJttott

449 502 500 580 tis
516 499 662 580 nltimis
676 503 785 604 apice
799 499 972 592 obiciet
993 499 1034 576 in
1049 500 1315 606 descriptione

451 623 542 700 satis
566 623 690 725 ampla
714 636 841 698 antem
857 620 971 725 hujus¹
987 621 1127 699 coloris
1143 625 1251 700 nulla
1266 627 1315 702 fit

448 743 606 820 mentio.
661 741 883 844 Descriptio
897 743 1057 845 quadret
1069 743 1116 818 ed
1134 761 1314 822 nostrum

448 865 556 942 Ichn.
581 868 852 968 culpatorium.

236 983 344 1065 tcta.
358 971 602 1062 entensor'ius
615 985 758 1061 Miller
773 983 900 1059 Prode„
916 1009 1001 1087 pag.
1022 987 1107 1075 152,
1132 1013 1171 1086 ιι.
1194 995 1308 1067 1766.

448 1149 500 1164 -
538 1108 681 1182 Auctor
719 1105 767 1182 de
807 1104 948 1207 pedum
985 1107 1114 1182 colore
1149 1110 1308 1185 omnino

448 1239 562 1300 tacet.

286 1342 530 1439 „Schranli
543 1347 666 1420 Austr.
684 1373 721 1421 n
739 1353 831 1435 698,
859 1353 899 1421 et
1017 1371 1021 1378 ·

287 1465 567 1567 „Villersp
588 1467 679 1554 165,
708 1495 743 1540 n.
763 1472 880 1544 4.-
904 1464 1297 1566 Auctoresdiagoosin

447 1600 488 1662 et
526 1585 822 1688 descriptionem
868 1585 1002 1662 Linnei
1044 1601 1301 1687 susceperunt,

447 1723 719 1807 praetereaque
758 1706 901 1780 addunt
943 1705 1091 1782 »veriat
1129 1708 1302 1782 antennis

448 1840 535 1900 onte
563 1827 744 1901 annulum
778 1825 906 1900 album
934 1825 1067 1915 rufin«
1100 1825 1303 1901 manifesto

446 1971 536 2047 ergo
565 1945 675 2024 Ichn.
706 1953 924 2049 raptorium
959 1971 1046 2021 cum
1078 1955 1302 2023 extensorio

345 2107 352 2122 ·
430 2065 709 2143 confuderunt.
764 2067 821 2142 Ex
838 2066 1082 2140 adnotatione
1101 2065 1300 2142 amborum

446 2202 654 2277 auctorum,
672 2187 734 2262 »in
747 2213 850 2262 mare
865 2200 1055 2286 segmenta
1070 2186 1147 2262 duo
1165 2187 1300 2263 ultima

388 2303 392 2339 ³
445 2305 656 2383 abdominis
694 2307 999 2384 albornnculatat
1042 2320 1146 2395 sunt,
1196 2309 1301 2410 quod

444 2442 568 2502 cutem
586 2454 654 2504 neo
669 2456 755 2504 eum
778 2429 1042 2504 observatione
1064 2427 1212 2528 llligeri
1238 2429 1301 2526 (in

442 2548 567 2623 Rossii
592 2549 719 2623 Fauna
750 2551 802 2638 ΙΙ,
832 2571 914 2649 pag.
938 2551 999 2635 57,
1027 2576 1062 2622 ιι.
1084 2551 1198 2648 742),
1228 2576 1300 2626 nec

446 2691 533 2742 cum
553 2667 810 2771 descriptione
832 2693 852 2742 e
876 2691 937 2742 mc
958 2665 1033 2766 jem
1060 2667 1178 2759 edita,
1205 2695 1301 2746 con-

445 2802 557 2886 grutt.

234 2915 237 2924 '
281 2959 305 2994 „
358 2905 445 2980 Gm.
464 2906 522 2982 ed.
541 2905 650 2982 Lino.
666 2931 704 3008 p.
722 2910 842 2998 2675,
871 2933 906 2983 n.
923 2914 965 2989 43
992 2905 1190 3010 diagnosin
1205 2909 1300 2985 Lin-

442 3053 600 3103 neannm
623 3027 786 3129 recepit,
815 3027 1106 3129 descriptionem
1128 3029 1270 3104 omisit.

229 3170 234 3180 ·
281 3203 304 3238 „
356 3147 1300 3248 RossiFaunnn.742.-Descriptionimisbre-

441 3267 499 3343 vis
516 3296 576 3345 mc
593 3270 634 3344 in
646 3266 765 3343 dubio
777 3266 961 3370 relinquit
973 3266 1021 3344 de
1033 3267 1175 3371 speciei
1190 3268 1299 3346 iden-

444 3390 567 3465 1111116.

278 3560 301 3595 ,,
354 3505 484 3584 Christ
524 3531 608 3611 pag.
646 3510 722 3584 346
756 3547 806 3564 -
838 3523 898 3583 est
937 3522 1066 3584 noster
1094 3506 1294 3586 Jctneum.

442 3631 697 3730 consusorins.

279 3800 303 3835 ‚,
355 3747 548 3824 Borowski
574 3776 612 3851 p.
628 3757 695 3836 32,
724 3775 760 3821 n.
776 3756 820 3835 2,
846 3748 921 3824 tab.
938 3752 999 3839 57,
1022 3751 1068 3825 Ἀ.
1093 3747 1155 3849 fig.
1176 3758 1214 3828 2.
1240 3787 1294 3806 -

438 3870 531 3942 Icon
547 3881 717 3942 mutuata
733 3882 791 3942 est
804 3893 826 3944 c
839 3868 1043 3945 sehaefferi
1059 3871 1162 3944 Icon.
1184 3884 1213 3946 t.
1227 3875 1290 3958 61,

437 3987 499 4087 fig.
523 3995 566 4076 7,
599 4011 696 4089 quae
724 3987 771 4063 ed
797 4005 969 4066 nostrum
995 3989 1105 4068 chn.
1133 4005 1293 4070 ornato-

223 4125 232 4140 ·
334 4175 347 4186 ..
438 4090 540 4186 rium
561 4107 694 4185 referri
715 4107 841 4192 debet.
