2706 4810
279 283 358 355 682
650 298 972 350 suerunnnura

277 461 350 537 lari
369 461 504 538 sessili.
558 461 681 540 Pedes
703 460 807 536 coxis
827 475 866 537 et
884 459 1185 538 trochanteribus
1200 462 1310 562 nigris

276 581 483 656 femoribus
511 583 618 672 rufis,
652 581 813 684 posticis
836 581 1014 682 geniculo
1037 607 1181 656 summo
1210 582 1311 680 nigro,

276 700 381 775 tibiis
403 703 511 792 rufis,
546 702 703 803 posticis
731 698 879 800 apicem
905 727 1034 778 versus
1060 701 1195 802 nigriss
1225 699 1311 774 tarsis

277 820 528 896 anterioribus
545 819 780 907 lusco-rufis,
808 819 968 920 posticis
987 820 1230 923 nigro-fuscis
1243 818 1313 896 arti-

277 941 368 1016 culo
388 945 413 1018 4
432 942 548 1042 paulo
570 939 784 1042 pallidiore.
1097 1037 1100 1041 η

354 1062 478 1134 Unum
499 1062 757 1150 individuum,
784 1060 832 1136 de
853 1057 964 1161 cujus
985 1073 1224 1138 seruantem
1237 1055 1313 1133 luud

277 1194 403 1256 certus
425 1208 525 1271 sum,
551 1179 664 1283 Hope
682 1180 783 1256 circa
802 1181 948 1284 Netley
968 1180 1084 1283 cepit.

707 1403 807 1504 Peg.
835 1410 905 1481 28.

351 1541 410 1616 Μ.
421 1540 724 1644 melonocepbuli
736 1537 1313 1642 marem,longitudine3¹l31inea

275 1679 375 1748 rum,
402 1659 514 1761 Hope
530 1660 634 1762 cepit
652 1660 751 1735 circa
767 1662 921 1764 Netley.

350 1832 410 1905 M.
440 1837 600 1907 testacei
628 1857 749 1905 mares
781 1844 819 1906 et
850 1829 1030 1919 feminae,
1065 1829 1170 1906 circa
1198 1829 1312 1926 Netley

274 1948 385 2038 lecti,
413 1950 586 2024 antennis
602 1966 690 2023 sunt
703 1948 794 2024 totis
809 1947 1053 2041 fulvo-rufis,
1080 1951 1238 2027 thorace
1251 1945 1311 2022 uni·

274 2069 403 2144 colore
427 2071 668 2170 scutelloque
691 2070 794 2144 rufis.

526 2242 662 2316 Nota:

348 2378 409 2456 M.
438 2391 626 2454 testaceus
648 2376 693 2451 ab
714 2377 891 2479 Ophione
912 2383 1064 2480 uirgato
1089 2396 1132 2456 et
1153 2396 1308 2459 testaceo,

272 2495 497 2599 quibuscum
525 2497 648 2599 primo
671 2514 826 2599 aspectu
847 2498 960 2574 facile
983 2499 1171 2576 conlundi
1192 2509 1306 2602 posset,

271 2617 518 2716 distinguitur
551 2616 671 2691 forma
704 2621 811 2694 nervi
844 2619 892 2693 ab
923 2620 1051 2696 areola
1086 2614 1305 2697 recurrentis,

271 2735 415 2838 quippe
437 2735 503 2836 qui
532 2733 622 2811 huic
644 2754 769 2814 rectus
792 2754 850 2814 est
871 2753 911 2816 et
930 2739 1227 2830 subundulatus,
1250 2731 1306 2810 illis

271 2855 512 2958 Ophiouibus
533 2871 659 2932 autem
675 2875 861 2936 arcuatus.

699 3079 797 3182 Pag.
830 3089 854 3160 3
861 3089 899 3182 β.

344 3216 517 3292 Varietas
545 3225 572 3296 2
597 3215 805 3316 Mesolepti
835 3215 994 3294 stictioi:
1039 3217 1176 3320 Busan
1211 3211 1304 3293 ocull

267 3339 400 3414 ocellis
420 3354 458 3414 et
479 3352 671 3436 segmento
697 3343 824 3438 primo
842 3338 1143 3439 fusco-nigrim
1176 3337 1304 3416 storace

265 3463 398 3557 nigro,
423 3457 672 3561 protboracis
694 3455 812 3533 dorso
831 3461 1068 3561 scutelloque
1082 3455 1195 3554 rufis.
1211 3457 1246 3557 s.
1266 3487 1303 3506 -“

264 3577 435 3654 Statura
462 3593 500 3655 et
523 3576 721 3678 proportio
744 3578 908 3678 partium
930 3579 1086 3654 omnino
1108 3581 1172 3656 M.
1186 3569 1303 3653 stistict'

266 3696 420 3798 genuini
440 3713 478 3772 et
492 3698 655 3800 pallidi,
683 3725 718 3770 n.
739 3706 804 3786 18,
832 3699 1090 3800 magnitudine
1107 3687 1299 3774 intermedia

264 3813 365 3888 inter
386 3817 512 3892 ambas
537 3818 695 3920 species.
717 3859 771 3874 —
795 3818 1019 3917 Longitudo
1038 3815 1106 3916 2314
1130 3819 1296 3893 linearum

260 3937 465 4014 Antennoe
492 3962 653 4039 corpore
679 3937 796 4037 paulo
818 3937 1028 4040 longiores,
1062 3936 1205 4024 fuscae,
1229 3927 1295 4004 arti

162 4067 167 4074 '
261 4057 360 4136 culis
395 4066 415 4138 1
450 4073 490 4134 et
519 4067 546 4138 2
575 4055 821 4160 ferrugineis,
861 4059 993 4138 subtus
1027 4047 1291 4136 substramineis
