2662 4810
394 355 495 412 ιιιι.
523 343 558 428 1,
585 357 701 416 aaut.
730 363 780 412 ιι.
1048 347 1126 436 648,

60 581 64 588 .
129 525 195 604 De
215 521 438 627 synonymia
456 522 650 626 quaedam
662 523 787 602 adbuc
803 528 992 609 monenda
1016 545 1124 608 tunt:

58 647 240 723 auctores
257 644 305 721 ad
323 645 433 724 lelna
447 649 733 726 saturatorum
744 669 832 720 eum
846 646 955 749 aigno
980 649 996 726 2
1019 651 1125 728 citati

58 768 321 869 allegaverunt
334 763 501 868 Degeeri
516 765 624 839 Tom.
642 766 677 854 1,
704 765 782 842 tab.
793 773 847 846 28
862 767 924 868 fig.
942 777 1001 859 16,
1029 797 1126 876 quae

57 903 182 966 autem
205 911 225 960 a
244 901 377 962 nostro
394 883 653 964 Ichneumone
666 883 813 973 differt,
840 883 1083 987 longitudine
1101 899 1126 972 9

57 1008 261 1095 linearum,
302 1002 402 1084 faeie
442 1000 675 1108 thoraceque
714 1003 1011 1084 flavomaculatia
1050 1024 1125 1088 ete.

57 1127 183 1206 Etiam
204 1123 367 1202 schaeff.
390 1125 492 1202 leun.
517 1123 594 1200 tab·
609 1132 658 1206 61
671 1123 736 1226 lig.
755 1128 795 1214 4,
823 1149 936 1226 quam
951 1129 1128 1207 nonnulli

60 1265 233 1326 auctores
250 1245 297 1321 ad
311 1243 409 1325 hanc
431 1245 598 1350 speeiem
618 1242 872 1323 adhibuerunt
892 1247 1128 1324 excludenda

58 1383 119 1444 eat.
189 1365 399 1463 Quaeritur
424 1377 569 1456 66166,
606 1389 733 1444 66666
760 1364 871 1444 John.
907 1375 1129 1448 atratortas

58 1487 168 1564 l'abr.
191 1485 280 1562 Ent.
302 1488 360 1577 11,
387 1511 425 1588 p.
451 1491 543 1576 184,
570 1511 608 1562 6.
632 1485 850 1572 8.-Piea.
866 1511 904 1588 p.
919 1490 982 1579 66,
1009 1517 1046 1564 n.
1066 1498 1127 1582 10,

61 1625 94 1686 et
107 1603 361 1686 Cederhielm
383 1630 423 1708 p.
449 1609 535 1694 166,
565 1633 600 1684 6.
623 1610 711 1696 478,
731 1622 770 1696 et
783 1605 935 1698 Thunb.
951 1607 1058 1700 lehn.
1076 1615 1128 1688 80

61 1727 175 1826 (66ιιι
199 1751 278 1830 quo
304 1739 471 1802 attamen
502 1724 610 1803 Icltn.
639 1733 858 1808 atratorius
885 1727 1057 1820 Villeraii
1087 1741 1128 1806 et
1254 1829 1257 1840 Ι

65 1847 224 1928 Olivieri
247 1844 351 1924 baud
373 1843 555 1922 confundi
578 1845 719 1948 debet)
747 1847 795 1923 ad
821 1846 1000 1924 feminam
1020 1863 1129 1926 satu-

67 1974 202 2048 ratorit'
215 1966 350 2045 referri
366 1978 513 2069 posset,
540 1991 627 2042 eum
648 1981 797 2042 tantum
814 1964 927 2044 etiam
943 1967 1128 2068 segmenti

76 2087 184 2185 quinti
203 2087 374 2189 margine
396 2085 485 2162 albo
504 2083 659 2162 differre
676 2084 858 2163 videatur.
913 2087 1129 2164 Secundum

82 2203 379 2312 'lrertepoblinm
405 2206 474 2306 (in
489 2204 591 2283 Iside
608 2212 758 2308 182612.
774 2212 835 2295 76,
864 2208 993 2310 6.,19)
1015 2206 1125 2283 chn.

86 2335 280 2406 atratorius
299 2327 343 2402 F.
361 2323 600 2428 longitudine
616 2339 675 2402 eat
687 2334 713 2406 7
726 2325 925 2418 linearum,
955 2351 1128 2430 segmen·

84 2444 298 2553 tiaquatnor
317 2445 464 2523 ultimis
485 2444 593 2547 apice
610 2446 711 2524 linea
731 2463 944 2526 transversa
964 2449 1102 2525 albida.

137 2573 196 2646 De
223 2567 334 2648 lehn.
370 2573 590 2666 nigratorio
617 2569 843 2674 Pontoppid.
872 2567 974 2644 haud
999 2568 1127 2644 omnia

71 2685 173 2766 dubia
192 2689 318 2766 soluta
340 2700 444 2776 aunt,
473 2711 558 2762 cum
579 2703 711 2794 appion
729 2687 870 2793 pedum
891 2688 1128 2794 poeticorum

69 2805 201 2887 femora
222 2808 413 2912 tibiasque
433 2805 581 2884 clavata
609 2809 870 2914 appellaverit.
926 2810 1129 2885 Caeterum

65 2947 186 3009 autem
205 2957 293 3006 cum
315 2929 386 3006 illu
413 2925 514 3002 bau'd
536 2929 744 3008 confundas
765 2930 1057 3008 Icltneumonem
1071 2935 1131 3005 nr·-

62 3059 278 3149 gratorr'um
291 3050 401 3123 Pana.
419 3045 465 3122 ad
480 3046 639 3124 Schaeff.
656 3049 768 3127 Fabr.
785 3048 900 3126 Mun.
912 3049 981 3152 qui
996 3072 1128 3127 omnea

65 3169 161 3251 inter
181 3197 223 3248 ae
249 3169 483 3271 discrepant..

135 3289 245 3371 Icltn
266 3293 533 3368 saturatorim
554 3287 765 3368 Borowakii
787 3315 826 3392 p.
852 3295 920 3378 68,
947 3315 983 3365 ιι.
1008 3297 1048 3380 1,
1082 3289 1130 3368 ad

67 3409 219 3488 leonum
237 3406 444 3491 Sebaefferi
467 3407 543 3484 tab.
568 3415 615 3489 61
638 3410 700 3513 lig.
723 3412 766 3501 4,
794 3407 904 3511 cujus
925 3408 1002 3513 jam
1017 3437 1130 3517 supra

62 3532 296 3610 mentionem
315 3529 413 3618 leci,
440 3527 671 3632 descriptus,
699 3529 776 3608 buc
790 3555 867 3608 non
881 3531 1059 3634 pertinet,
1081 3533 1131 3610 ob

67 3665 256 3751 tegmenta
276 3661 302 3732 2
322 3665 362 3730 et
384 3658 410 3731 8
427 3647 515 3730 rufa
535 3663 608 3725 eta.
663 3651 743 3728 Nec
767 3649 877 3730 ΙοΙιιι.
905 3660 1134 3734 constricto-

72 3775 148 3848 riua
159 3770 272 3848 Linn.
287 3771 319 3850 F
321 3797 418 3861 ann,
441 3797 479 3846 n.
495 3770 606 3859 1666,
624 3797 738 3873 quem
752 3769 929 3862 Sebrank,
949 3771 989 3850 in
1004 3775 1134 3852 Fauna

72 3889 196 3982 boica,
223 3890 270 3969 ad
284 3891 581 3972 Inlinenmnnem
596 3891 862 3972 saturatnrium
876 3893 1060 3985 adhibuit,
1087 3893 1135 3972 ad

67 4004 164 4098 ¹bane
192 4012 361 4116 speciem
387 4011 566 4116 quadrat,
607 4010 658 4090 ob
677 4013 864 4095 abdomen
882 4013 1032 4117 nigrum
1052 4037 1137 4115 aeg-

76 4147 198 4210 menta
216 4131 385 4214 retundo
405 4128 639 4234 ferrugineo.

788 4252 862 4335 16*
