2698 4810
191 261 271 352 296
551 295 562 336 ,-
594 275 868 344 rcuuaunon

189 439 501 550 {tannacuimidio
520 439 906 544 corporebreviores,
930 445 1122 531 semesae,
1150 437 1261 545 apice

190 565 406 661 involutam
433 561 604 638 articulis
622 570 641 642 1
658 572 737 640 etz
756 561 891 663 nigris,
918 568 1036 640 8-8
1056 559 1173 634 fuscis
1194 574 1262 635 aut

190 680 435 784 ferrugineis,
462 685 600 760 9-14
615 680 868 758 albicantibus
882 695 948 756 aut
967 681 1260 757 flavescentibus

191 804 327 882 subtus
342 802 444 891 rufis,
460 801 704 902 sequentibus
717 802 833 877 fuscis
846 816 913 876 aut
928 798 1056 902 nigris.
1091 800 1263 878 Thorax

191 921 337 1014 lineola
353 947 419 996 seu
433 935 577 1023 puncto
591 919 687 995 insra
708 921 785 995 alas
800 921 1055 1024 pallideflavo.
1082 1019 1084 1021 Ι
1108 921 1262 999 Scutel·

193 1035 274 1121 lum
290 1040 583 1144 pallideflavum.
620 1039 1262 1140 Alcesilaceo-autsumam-bya-

190 1161 314 1250 liuae;
342 1161 516 1260 stigmate
531 1158 628 1250 ruso,
655 1159 761 1235 radio
777 1161 903 1236 radice
917 1175 956 1235 et
971 1159 1167 1262 squamula
1181 1161 1262 1235 sus·

192 1282 268 1370 cis,
295 1280 415 1356 rarius
435 1279 591 1356 croceis.
645 1279 768 1358 Pedes
781 1278 987 1355 semoribus
1007 1280 1257 1356 anterioribus

190 1400 304 1506 apice
324 1399 434 1480 autiss
459 1395 566 1475 tibiis
586 1401 695 1488 rufis,
724 1398 858 1474 anticis
887 1400 1020 1476 subtus
1047 1399 1258 1502 pallidiori-

191 1521 265 1608 bus
286 1535 353 1595 aut
379 1519 504 1609 flavis3
530 1517 641 1596 tarsis
669 1519 773 1594 rufis.
827 1518 1029 1598 ,abdomen
1057 1521 1261 1621 segmentis

195 1631 313 1719 tetta
334 1639 442 1726 rufis3
470 1644 583 1718 4-6
603 1637 771 1740 margine
791 1638 932 1715 dorsali
952 1639 1041 1716 albo
1061 1657 1127 1717 aut
1144 1643 1264 1732 flavo,

194 1766 220 1840 7
240 1757 388 1836 macula
409 1758 548 1834 dorsali
568 1758 804 1834 albidoilava.

193 1949 195 1956 ,
272 1879 397 1956 Mares
418 1878 512 1954 duos
531 1879 662 1983 accepi
678 1906 699 1954 e
714 1879 1072 1970 SilesiueSudetis,
1098 1905 1267 1982 quorum

195 2000 357 2076 alterum
383 2024 408 2074 a
432 1999 636 2103 Stitlsried
662 1999 731 2076 sub
760 2000 916 2076 nomine
948 1998 1115 2075 indicato
1140 2000 1269 2092 misit3

194 2122 311 2212 duos,
339 2118 439 2196 circa
460 2121 604 2224 Netiey
624 2133 775 2224 captos,
800 2118 914 2224 Hope
934 2119 1053 2198 misit.

606 2342 849 2420 Varietas:

276 2484 309 2558 1.
348 2477 508 2558 Annulo
540 2476 631 2557 atto
664 2495 918 2562 antennarum
958 2474 1171 2576 deficiente.
1215 2523 1272 2540 -

196 2599 400 2677 Anteunoe
415 2599 585 2675 articulis
603 2609 621 2678 1
639 2616 679 2676 et
693 2611 718 2679 2
730 2597 998 2703 nigro-fuscis,
1021 2607 1122 2677 3-8
1137 2598 1274 2678 fusco-

197 2717 439 2819 ferrugineis,
480 2719 619 2794 senaim
653 2718 919 2808 dilatioribus,
952 2724 1108 2797 9-14
1139 2718 1272 2800 dilute

197 2839 306 2928 rufis,
335 2838 579 2942 sequentibus
600 2838 727 2916 fuscis.
754 2882 807 2898 -
831 2837 988 2914 Caetera
1011 2852 1055 2913 ut
1075 2839 1115 2914 iu
1133 2842 1272 2944 specie

193 2985 372 3062 genuina.

197 3141 201 3150 .
274 3079 437 3154 Unicum
476 3077 729 3170 individuum,
777 3077 878 3156 circa
915 3079 1061 3186 thley
1097 3097 1272 3185 captum,

196 3197 310 3303 Hope
333 3225 482 3276 mecum
508 3199 814 3279 communicavit.

451 3423 586 3498 Notus

274 3555 517 3660 Aliquamdiu
543 3556 738 3661 ambiguus
760 3557 834 3650 fui,
863 3584 956 3636 num
975 3555 1073 3632 hanc
1094 3559 1272 3661 speciem

196 3703 268 3783 pro
287 3703 389 3753 mare
405 3679 597 3758 chncum.
618 3679 872 3758 ambulatorii
897 3693 962 3754 aut
987 3702 1057 3781 pro
1079 3679 1272 3760 varietate

192 3805 366 3903 ruptorii
391 3796 587 3888 haberem3
620 3801 668 3874 ab
695 3799 766 3875 illo
793 3799 939 3891 colore,
975 3800 1021 3874 ab
1051 3797 1125 3875 boc
1154 3800 1271 3878 tibiis

193 3919 450 4008 brevioribus,
478 3936 620 4019 puncto
642 3920 729 3994 albo
753 3920 851 3996 infra
874 3920 970 4010 alas,
997 3918 1110 3996 fascia
1124 3922 1271 4023 margi-

189 4041 272 4146 nali
294 4050 572 4146 augmentorum
594 4039 884 4130 4-61atiore,
911 4040 1112 4144 discrepat
