2698 4802
739 624 746 641 .
777 573 812 643 6.
1025 625 1026 630 ,

467 701 536 774 De
562 697 665 776 alis.
708 563 833 800 {Tau
863 703 881 776 l
908 715 947 778 et
973 704 1045 801 ΙΙ.)

306 869 640 958 Ichneumonides‚
670 886 711 944 ut
729 871 876 972 reliqua
891 874 1189 973 Hymenoptera,
1219 876 1302 949 olis

231 1009 394 1096 quatuor
406 989 581 1068 instructi
598 1003 701 1078 sunt,
730 990 986 1068 emembraaa
1001 991 1110 1080 tenui
1122 1005 1162 1066 et
1174 1000 1300 1068 costis

230 1112 390 1200 corneis,
407 1112 511 1185 illam
526 1109 836 1210 expandentibus,
851 1112 1035 1187 conflatis.
1069 1113 1149 1185 llae
1163 1125 1296 1186 costae

230 1233 277 1308 ab
300 1232 384 1306 aliis
404 1237 508 1305 nervi
526 1243 591 1304 aut
604 1256 717 1305 venae
731 1245 1012 1331 nuncupantur,
1039 1229 1210 1331 quamvis
1226 1257 1295 1306 ne-

231 1379 306 1454 que
328 1349 433 1424 nervi
456 1373 577 1450 neque
592 1375 711 1425 venae
727 1350 817 1438 sint,
846 1352 912 1426 sed
925 1350 1099 1426 tracheae
1114 1375 1289 1426 corneae.

230 1473 328 1546 Cum
348 1494 438 1548 vero
459 1468 499 1543 in
520 1467 695 1569 plurimis
722 1468 874 1571 scriptis
903 1469 1007 1546 nervi
1036 1471 1289 1559 nominentur,

229 1589 325 1666 haec
341 1587 598 1664 denominatio
620 1588 748 1689 itaque
773 1590 814 1664 ia
842 1616 912 1665 usu
942 1589 1008 1679 sit,
1038 1614 1108 1692 ego
1135 1613 1295 1692 quoque

229 1737 273 1786 ea
287 1725 381 1788 utar.
434 1707 813 1809 Econjunctionibus
833 1722 872 1784 et
890 1710 1186 1785 anastomosibus
1203 1735 1306 1787 ner--

228 1854 362 1907 vorum
395 1831 558 1907 cellulae
590 1854 658 1903 seu
691 1832 847 1906 areolae
884 1843 949 1903 aut
989 1857 1104 1907 areae
1143 1833 1295 1906 alarum

227 1949 414 2028 oriuntur.
468 1948 625 2037 Radix,
651 1975 718 2024 seu
733 1974 819 2050 pars
833 1948 931 2037 alae,
960 1975 1056 2051 quae
1071 1948 1220 2022 thoraci
1232 1950 1296 2024 in·

228 2070 384 2159 seritur,
413 2069 619 2144 substantia
640 2084 698 2142 est
712 2067 935 2144 intermedia
949 2066 1049 2144 inter
1060 2093 1236 2143 corneam
1251 2086 1295 2144 et

226 2191 564 2276 membranaceum,
596 2214 787 2288 nunquam
818 2186 972 2287 hyalina
997 2203 1063 2262 aut
1089 2186 1293 2290 diapbana,

228 2313 294 2386 sed
318 2335 468 2408 semper
492 2306 678 2391 eolorata3
712 2305 905 2405 obtegitur
932 2321 1058 2382 autem
1084 2333 1154 2410 pro
1180 2325 1294 2410 parte

225 2432 431 2532 aquamola
446 2424 912 2513 conveaiusculalduriore
932 2451 1086 2515 cornea,
1116 2455 1213 2530 quae
1234 2445 1295 2504 ta-

225 2578 314 2626 men
327 2548 455 2651 potius
470 2547 515 2620 ad
530 2545 724 2619 thoracem
740 2544 916 2643 pertinet.
937 2589 990 2604 —
1015 2551 1118 2624 Alae
1132 2558 1294 2627 anticae

227 2672 309 2772 (fig.
324 2671 386 2769 A),
401 2665 558 2771 posticis
572 2665 775 2765 longiores,
790 2679 977 2766 angustae,
994 2667 1139 2768 apicem
1156 2695 1293 2746 versus

226 2789 365 2868 sensim
385 2787 562 2862 dilatatae
577 2801 676 2862 sunt.
729 2785 863 2885 Margo
884 2809 1011 2858 earum
1034 2789 1181 2862 anticus
1202 2789 1294 2865 lon-

225 2911 310 3014 gior
324 2925 380 2985 est
395 2907 562 2996 interna,
590 2905 654 2980 hic
666 2903 816 3005 longior
834 2904 996 3005 postico.
1051 2907 1206 3008 Stigmo
1224 2909 1309 3011 (a)

224 3029 444 3108 distinctum
465 3043 543 3118 est,
568 3025 691 3126 majus
712 3027 932 3102 autminus.
989 3029 1101 3102 Costa
1124 3031 1294 3107 crassior

223 3151 400 3252 marginis
415 3147 548 3237 antici,
576 3147 676 3223 inter
689 3147 822 3248 stigma
844 3162 883 3221 et
903 3149 1082 3248 angulum
1096 3148 1291 3225 dorsalem

223 3271 305 3346 alae
319 3285 490 3357 extensa,
517 3267 654 3346 radias
677 3269 741 3366 (b)
762 3281 1010 3367 nuncupatur.
1065 3269 1121 3342 Ex
1136 3282 1293 3344 anasto-

222 3389 317 3464 mosi
342 3411 543 3460 nervorum
563 3390 725 3462 cellulae
751 3385 882 3460 decem
908 3404 972 3460 aut
1002 3387 1176 3462 undecim
1205 3389 1291 3464 lor-

222 3521 390 3582 mantur:
416 3506 557 3578 Harum
579 3502 821 3591 cellularum,
849 3506 1056 3580 secundum
1076 3507 1291 3607 longitudi-

222 3625 403 3702 aemalae
421 3622 751 3713 consideratarum,
778 3639 865 3714 tres,
894 3653 914 3699 a
931 3625 1056 3702 radice
1069 3626 1151 3700 alae
1164 3642 1288 3718 ortae,

222 3749 426 3843 elongatae
439 3757 527 3818 sunt
540 3742 1018 3844 seulnmerutes(1-a)‚
1047 3772 1119 3821 una
1139 3759 1199 3820 est
1219 3771 1290 3822 ro-

223 3865 341 3943 dialis
362 3863 445 3962 (4),
471 3862 568 3938 duae
589 3879 655 3938 aut
673 3880 750 3940 tres
771 3863 960 3941 cubitales
974 3867 1146 3963 (5—7),
1172 3864 1288 3956 duae,

221 3983 450 4068 cubitalibus
469 3981 695 4074 substratae,
723 3983 958 4061 discoidoles
973 3985 1144 4081 (8-9),
1172 3984 1288 4074 duae,

218 4101 487 4180 discoidalibus
520 4103 746 4192 substratae,
779 4110 952 4204 posticae
979 4106 1185 4204 (to-11)
1220 4104 1288 4204 (in
