2698 4810
254 326 332 402 ³52
656 343 923 394 rennuunors

248 503 354 584 slbis
382 501 681 604 (quodammodo
699 507 852 585 lunulas
872 507 965 586 durs
986 505 1086 587 albas
1105 501 1291 585 exhibenti·

254 625 359 722 bus).
412 625 617 702 Antennue
643 626 854 720 involutae,
888 629 953 708 vix
973 629 1140 733 corporis
1165 622 1292 703 dimidii

249 741 512 843 longitudinm
539 747 709 823 articulis
731 752 987 830 9-14-15
1002 777 1111 854 supra
1124 747 1223 835 albis,
1245 769 1293 819 se·

252 863 458 970 quentibus
481 866 612 944 subtus
632 867 747 946 fuscis
768 883 834 944 aut
855 869 1090 972 ferrugineis.
1148 868 1293 947 Thorax

253 997 398 1086 puncto
415 981 512 1058 infra
532 986 627 1076 alas,
655 987 844 1064 interdum
866 989 979 1066 etiam
1001 989 1154 1094 punctis
1168 985 1293 1063 duobus

253 1101 296 1180 in
310 1129 477 1206 superno
490 1105 585 1182 colli
604 1107 781 1210 margine,
798 1107 907 1186 albis.
948 1110 1160 1192 Scutellum
1175 1105 1291 1184 album.

251 1226 359 1306 Afue
376 1223 717 1327 fumstobyaliuse,
746 1229 921 1330 stigmate
939 1230 1048 1306 radio
1070 1246 1109 1310 et
1126 1221 1293 1332 squamata

252 1344 372 1448 nigris
400 1360 467 1422 aut
490 1346 625 1437 fuscis,
659 1349 785 1428 radice
806 1349 911 1428 fusca
938 1365 1005 1431 aut
1029 1351 1154 1454 picem
1190 1339 1292 1422 anob

254 1465 547 1568 subtriangulari
561 1481 628 1543 aut
642 1468 1067 1574 subquinqueangulsri.
1084 1468 1198 1550 Pedes
1206 1458 1289 1538 tibiis

253 1585 390 1664 enticis
417 1587 479 1662 rel
507 1587 733 1690 ferrugineis
763 1590 912 1668 interne
938 1588 1217 1676 dilutecroceis‚
1242 1577 1293 1656 tel

252 1704 373 1809 nigris
401 1707 550 1784 interne
578 1707 821 1810 ferrugineis,
864 1711 999 1788 mediis
1029 1699 1295 1790 fuscocastancis

253 1841 320 1906 aut
333 1826 577 1929 fusconigris,
607 1829 765 1930 posticis
778 1830 888 1909 basin
902 1858 1033 1911 versus
1048 1832 1182 1917 badiis;
1206 1819 1295 1902 tarsis

252 1947 505 2026 anterioribus
523 1951 707 2026 castaneis
736 1965 801 2026 aut
819 1950 1133 2030 fuseescentibus.
1183 1940 1297 2027 Abdo-

247 2098 338 2148 men
370 2084 563 2171 segmento
590 2069 716 2172 primo
739 2070 825 2145 rufo
853 2087 919 2149 aut
945 2089 1140 2160 cnstaneO,
1172 2059 1296 2170 petiolo

250 2192 379 2294 pigros
406 2189 608 2290 segmentis
623 2191 740 2270 2-4
760 2192 849 2266 rufis
872 2206 938 2271 aut
952 2193 1156 2281 castaneis,
1181 2195 1298 2270 fruar·

247 2312 341 2414 gine
360 2324 427 2386 aut
440 2308 556 2388 fascia
569 2309 766 2414 marginali
782 2310 906 2418 nigra,
935 2321 960 2398 6
976 2330 1016 2394 et
1031 2324 1055 2396 7
1070 2312 1213 2392 macula
1227 2306 1300 2382 dor·

251 2430 322 2508 suli
346 2428 443 2508 alba.

330 2551 454 2624 Unum
478 2549 713 2626 individuum
728 2567 881 2654 captum
902 2568 961 2629 est
978 2577 1102 2658 prope
1122 2555 1164 2633 V
1161 2547 1300 2628 ratiste-

247 2677 374 2760 viam,
407 2670 570 2747 alterum
594 2697 715 2780 prope
740 2672 1060 2766 Sicftersbous'en,
1096 2672 1247 2754 tertium
1269 2661 1302 2738 '111

251 2793 427 2874 Austris.

576 3191 650 3253 126·
693 3179 720 3246 1.
743 3181 994 3252 DECEPTOR.

452 3351 637 3436 segmentis
654 3361 747 3424 1-3
760 3349 916 3438 tibiisque
930 3351 1026 3432 rufis,
1049 3351 1168 3420 barum
1179 3345 1302 3441 posticis

451 3473 547 3639 :ng
557 3454 666 3540 nigro·
688 3475 733 3519 m.
748 3450 771 3518 f.
794 3457 946 3540 (femina
959 3467 1179 3520 antennarum
1193 3445 1304 3518 annulo

326 3757 494 3834 Statura
514 3775 553 3836 et
574 3761 773 3865 proportio
793 3761 956 3865 partium
968 3765 1215 3867 semmurum
1229 3756 1305 3860 plu·

247 3878 425 3957 rimarum
447 3881 622 3981 congruit
641 3909 727 3956 cum
748 3881 898 3957 feminis
920 3884 1097 3985 plurimis
1119 3883 1303 3960 Ichneum.

246 4005 480 4085 extensori1‘3
505 3997 659 4080 thorace
673 4001 800 4078 forsan
815 4002 931 4104 paulo
945 4004 1178 4105 gibbosiore.
1214 3994 1306 4075 Indi-

246 4123 359 4198 uidua
378 4136 503 4198 autem
523 4122 688 4212 variant,
715 4123 915 4204 abdomine
936 4124 1098 4230 pedibus
1120 4117 1306 4201 sasemis·
