2706 4810
252 325 329 398 720
618 339 946 394 sunnennenni

667 507 766 608 Pag.
793 513 903 586 292.

326 641 562 720 Ichnenmon
585 642 836 722 dissectorins
853 645 963 720 Panz.
985 669 1097 746 quem
1120 645 1167 721 ad
1187 647 1320 725 Meto-

248 771 354 870 pium
373 772 556 843 sicarium
577 764 692 839 dubie
714 763 890 854 adhibui,
924 781 1022 842 teste
1048 767 1240 856 Curtisio,
1279 767 1318 842 iu

249 887 337 962 Ent.
360 887 450 963 Brit.
472 884 561 961 fasc.
587 887 621 974 Ι,
655 912 691 958 ιι.
714 889 756 974 4,
790 910 875 987 pag.
894 894 938 977 2,
971 884 1087 962 etiam
1106 887 1148 964 in
1166 891 1319 989 Angiia

247 1005 363 1108 degit.
1090 1039 1092 1044 ·

659 1227 756 1327 Pag.
792 1226 896 1306 295.

326 1397 518 1473 Peltastes
537 1404 757 1474 necatorins
780 1397 907 1471 Curtis
931 1397 1016 1472 Ent.
1039 1397 1131 1474 Brit.
1154 1401 1263 1476 Fasc.
1286 1402 1315 1490 Ι,

248 1547 283 1593 n.
305 1523 346 1604 4,
374 1543 457 1619 pag.
482 1528 523 1606 2,
553 1517 695 1618 prodiit
716 1545 736 1592 c
759 1541 859 1619 pupa
880 1519 1073 1620 Stnnropi
1085 1522 1203 1620 Fagi,
1231 1548 1316 1624 pas-

247 1636 395 1737 simque
409 1637 449 1710 in
462 1638 608 1735 Anglic
624 1654 756 1738 captus
773 1653 831 1713 est
844 1663 971 1713 mense
984 1640 1155 1740 Augusti.
1186 1643 1315 1717 Curtis

246 1758 470 1858 suspicatur,
495 1761 691 1836 Peltasten
708 1766 947 1836 necatorium
968 1785 1050 1838 esse
1067 1787 1200 1838 sexum
1219 1763 1315 1838 alte·

247 1906 331 1954 rum
354 1880 546 1955 Peltastes
571 1879 735 1957 dentati.

658 2135 760 2235 Pag.
797 2133 898 2213 305.

324 2306 516 2392 Peltastes
548 2263 738 2384 dentatus*
758 2303 886 2380 Curtis
921 2267 1008 2382 Eut.
1040 2305 1133 2384 Brit.
1166 2307 1258 2387 fasc.
1284 2313 1310 2401 1,

246 2425 323 2501 tab.
352 2433 395 2514 43
435 2426 634 2527 segmentis
663 2435 681 2504 1
714 2440 752 2502 et
780 2435 805 2503 2
831 2424 930 2500 haud
960 2427 1193 2528 marginibus
1224 2431 1310 2506 totis

245 2547 369 2636 flavis,
399 2547 461 2622 sed
484 2547 661 2648 utrinque
682 2562 825 2648 puncto
842 2545 938 2630 flavo
961 2545 1000 2626 in
1017 2547 1167 2650 angulis
1189 2553 1311 2656 apica-

246 2669 359 2745 libus.
375 2712 426 2724 —
448 2671 491 2740 ln
517 2667 646 2741 eadem
666 2665 795 2742 tabula
818 2681 1001 2742 antennae
1013 2693 1169 2768 quoque
1186 2683 1228 2744 et
1241 2670 1310 2745 oris

245 2805 371 2894 partes
407 2786 597 2866 exhibitae
629 2801 733 2876 sunt,
774 2813 793 2860 a
823 2783 1079 2886 descriptione
1107 2792 1303 2866 earundem

245 2911 410 3013 partium
430 2909 600 3008 Metopii
620 2914 828 2996 necatorii,
856 2903 991 3010 pagina
1011 2913 1087 2986 297
1108 2908 1229 3000 edita,
1257 2911 1306 2986 his

244 3031 500 3107 discedentes:
533 3029 737 3106 Antennae
764 3027 934 3102 articulis
955 3026 1056 3102 ultra
1079 3035 1140 3106 60.
1196 3035 1307 3108 Man·

245 3151 401 3230 dibulne
422 3150 529 3251 apice
557 3148 706 3225 bifidae.
768 3149 887 3249 Pnlpi
904 3145 1070 3226 labiales
1093 3146 1307 3226 articulist

245 3272 550 3373 subaequalibus.
618 3271 680 3344 De
713 3270 924 3372 appendice
951 3269 1177 3369 triangulari
1213 3269 1307 3347 labri

244 3393 372 3469 curtis
390 3393 428 3466 in
442 3389 700 3492 descriptione
719 3389 875 3464 omnino
889 3405 1007 3480 tacet,
1036 3415 1107 3466 nec
1127 3389 1306 3466 iconem

244 3514 411 3590 exhibet.
435 3557 487 3570 --
514 3512 713 3588 Individua
735 3510 861 3613 pluria
880 3512 1020 3613 passim
1042 3510 1143 3586 lecta
1166 3523 1253 3584 sunt
1269 3507 1305 3581 in

242 3639 412 3736 Anglin,
439 3633 478 3708 in
497 3633 654 3737 pinetis,
682 3631 946 3720 mensetunii3
975 3659 1090 3707 unum
1112 3627 1305 3733 pmtenie·

242 3756 309 3830 bat
333 3782 355 3830 a
383 3781 483 3857 papa
513 3755 794 3855 Lasiocainpae
827 3754 1001 3856 Trifolii.
1030 3793 1084 3808 -
1111 3753 1303 3827 Caeterum

243 3901 334 3954 vero
364 3893 497 3949 auctor
522 3903 607 3950 cum
630 3874 699 3950 hac
721 3873 847 3977 specie
873 3871 1075 3973 conjunxit
1094 3873 1302 3976 Metopimn

245 4004 512 4075 micratorium
525 3999 712 4096 <nostram
729 3995 893 4097 speciem
908 3995 951 4093 5)
964 4007 1004 4068 et
1018 3991 1300 4070 Icltneumonem

242 4122 486 4224 polymitum
498 4119 665 4194 Forsteri
682 4117 815 4220 (quem
832 4141 904 4220 ego
916 4113 1071 4219 quidem
1083 4113 1132 4192 ad
1146 4113 1299 4220 speciem
