2706 4810
270 349 350 422 708
637 363 962 422 suaanaunnas

269 531 468 616 linearum.
522 527 653 630 Caput
678 527 762 630 ejus
782 531 916 634 palpis'
927 543 966 608 et
986 529 1204 608 mandibulis
1214 527 1291 606 mis.

268 654 472 730 Antennoe
509 663 612 726 totae
654 649 795 750 nigrae.
854 653 959 731 Aloe
991 649 1292 752 lomatohyalimc,

270 770 442 870 stigmate
465 783 504 844 et
518 769 623 844 radio
638 768 772 860 fuscis,
802 770 928 847 radice
949 787 989 848 et
1004 772 1193 875 squamula
1205 767 1293 854 daris,

268 892 393 966 areola
410 889 763 991 quinqueangulari.
798 890 921 968 Pedes
934 893 1025 981 rufi3
1053 893 1156 968 coxis
1170 886 1293 994 posticis

267 1007 511 1111 nigroluscis‚
546 1010 693 1111 apicem
714 1036 842 1085 versus
866 1013 967 1087 rufis.
1021 1011 1217 1092 Addomen
1236 1033 1295 1107 seg·

265 1131 402 1206 mentis
424 1139 456 1207 2
472 1144 510 1205 et
531 1139 554 1207 3
572 1129 673 1204 rufis.
729 1133 902 1208 Aculeus
921 1131 1159 1231 longitudine
1173 1129 1295 1234 quintae

264 1251 384 1353 partis
405 1247 628 1325 abdominis.
656 1292 708 1306 -
740 1248 912 1326 Alterum
933 1250 1169 1328 individuum
1187 1247 1294 1326 abillo

265 1371 395 1447 differt
423 1375 600 1466 antennis
626 1366 706 1443 basi
733 1369 841 1457 rufis,
882 1378 996 1448 coxis
1027 1373 1199 1448 omnibus
1227 1366 1295 1443 totis

263 1493 372 1581 rufis,
400 1494 605 1590 segmentis
623 1498 648 1566 2
668 1498 744 1567 etti
765 1489 986 1580 rufosulvis,
1014 1490 1220 1594 meliusque
1232 1511 1295 1563 cun

263 1613 446 1690 varietate
465 1619 503 1698 1,
529 1635 611 1710 pag.
623 1615 699 1685 706
715 1608 921 1710 descripta,
940 1612 1129 1712 congruit.
1155 1653 1204 1670 -
1225 1610 1296 1684 Cae·

261 1747 385 1808 terum
400 1745 526 1805 autem
543 1727 779 1803 individuum
797 1729 979 1828 primum3
1008 1744 1047 1806 et
1063 1731 1190 1808 forsan
1203 1724 1297 1806 varie·

261 1866 318 1927 tas
344 1860 362 1930 1
386 1866 485 1940 tota,
513 1848 628 1927 etiam
657 1873 744 1922 cum
768 1847 892 1952 Pnyg.
908 1839 1295 1954 sumatoreconjmgi

260 1984 402 2076 posset.

678 2190 776 2290 Pag.
807 2197 906 2270 708.
950 2211 967 2234 “·

339 2332 463 2436 Plryg.
484 2327 633 2406 nitidus
653 2327 765 2402 etiam
790 2327 991 2414 abdomine
1011 2328 1297 2429 nitidiorcasps·

259 2453 389 2529 ciebus
426 2451 584 2552 reliquis
618 2448 797 2523 affinibus
827 2448 966 2526 differt.
1019 2450 1105 2526 Mas
1135 2452 1215 2554 ejus
1237 2468 1295 2527 esst

258 2575 410 2650 videtur
444 2571 567 2674 Pnyg.
604 2569 845 2670 diuplrunus,
886 2597 921 2644 n.
957 2577 1053 2658 206,
1100 2573 1166 2674 qui
1199 2584 1295 2646 auten

259 2691 458 2766 abdomine
494 2705 533 2764 et
566 2691 692 2764 areola
732 2689 855 2763 media
897 2689 1170 2768 metathoracis
1201 2690 1296 2768 minus

258 2813 388 2888 nitidis
410 2811 549 2886 differt.

335 2933 513 3009 Feminae
528 2931 625 3002 duae
640 2928 774 3017 nitidi,
798 2927 899 3004 circa
915 2929 1059 3034 Netley
1071 2947 1220 3036 captae,
1238 2950 1295 3024 seg·

257 3069 386 3130 mento
408 3057 432 3132 4
455 3051 563 3155 apice
584 3050 692 3151 nigro
712 3048 914 3126 distinctae
935 3061 1034 3126 sunt.

642 3275 770 3376 'Pag
800 3282 904 3355 712.

332 3414 458 3518 Phyg.
485 3411 676 3514 Spinoloe
706 3409 933 3491 varietas1:
965 3419 1173 3512 segmentis
1193 3408 1293 3492 1-t

245 3535 541 3637 femoribusque
563 3529 823 3608 anterioribus
845 3537 940 3610 totis
959 3530 1069 3630 rufis.
1099 3533 1126 3609 l.
1180 3528 1296 3623 Longi·

254 3655 350 3732 tudo
371 3653 436 3755 273
457 3654 655 3729 linearum.
711 3654 914 3730 Antennoe
928 3652 1099 3728 articulis
1117 3659 1226 3732 1-7
1236 3647 1295 3720 lus·

253 3775 325 3862 cis,
350 3774 480 3848 subtus
497 3775 604 3861 rufis,
635 3780 775 3850 8-1a
791 3773 901 3863 albis,
929 3774 1048 3849 latere
1064 3774 1186 3849 altero
1200 3770 1293 3844 ferm·

254 3893 388 3996 gineis.
457 3897 561 3972 Aloe
601 3892 940 3994 sumatobyalinae,
981 3894 1112 3996 'paulo
1154 3891 1292 3964 minores

254 4041 367 4116 quam
388 4013 428 4088 in
448 4013 574 4114 specie
589 4012 769 4115 genuina,
797 4039 913 4091 nervo
929 4013 1111 4092 interiore
1131 4005 1293 4088 cantion

255 4133 420 4210 cellulae
441 4133 629 4224 internae,
656 4133 780 4236 quiin
798 4135 926 4239 specie
941 4134 1104 4241 genuina
1118 4131 1291 4210 suanam
