<?xml version="1.0" encoding="UTF-8"?>
<!DOCTYPE html PUBLIC "-//W3C//DTD XHTML 1.0 Transitional//EN"
    "http://www.w3.org/TR/xhtml1/DTD/xhtml1-transitional.dtd">
<html xmlns="http://www.w3.org/1999/xhtml" xml:lang="en" lang="en">
 <head>
  <title>
</title>
<meta http-equiv="Content-Type" content="text/html;charset=utf-8" />
  <meta name='ocr-system' content='tesseract 3.04.00' />
  <meta name='ocr-capabilities' content='ocr_page ocr_carea ocr_par ocr_line ocrx_word'/>
</head>
<body>
  <div class='ocr_page' id='page_1' title='image "./ichneumonologia01gravgoog_0475.png"; bbox 0 0 2686 4814; ppageno 0'>
   <div class='ocr_carea' id='block_1_1' title="bbox 662 345 939 404">
    <p class='ocr_par' dir='ltr' id='par_1_1' title="bbox 662 345 939 404">
     <span class='ocr_line' id='line_1_1' title="bbox 662 345 939 404; baseline 0.014 -6"><span class='ocrx_word' id='word_1_1' title='bbox 662 345 939 404; x_wconf 69' lang='lat' dir='ltr'><strong>{GENEUMON</strong></span> 
     </span>
    </p>
   </div>
   <div class='ocr_carea' id='block_1_2' title="bbox 257 511 1303 1334">
    <p class='ocr_par' dir='ltr' id='par_1_2' title="bbox 257 511 1303 1334">
     <span class='ocr_line' id='line_1_2' title="bbox 474 511 1303 614; baseline 0.005 -30"><span class='ocrx_word' id='word_1_2' title='bbox 474 511 595 602; x_wconf 77' lang='lat' dir='ltr'>alato,</span> <span class='ocrx_word' id='word_1_3' title='bbox 622 511 827 614; x_wconf 77' lang='lat' dir='ltr'>segmentis</span> <span class='ocrx_word' id='word_1_4' title='bbox 842 511 989 588; x_wconf 84' lang='lat' dir='ltr'>duobus</span> <span class='ocrx_word' id='word_1_5' title='bbox 1003 511 1190 590; x_wconf 84' lang='lat' dir='ltr'>basalibus</span> <span class='ocrx_word' id='word_1_6' title='bbox 1208 513 1303 588; x_wconf 84' lang='lat' dir='ltr'>abdo-</span> 
     </span>
     <span class='ocr_line' id='line_1_3' title="bbox 473 630 1302 737; baseline 0.001 -32"><span class='ocrx_word' id='word_1_7' title='bbox 473 632 608 708; x_wconf 76' lang='lat' dir='ltr'>aminis</span> <span class='ocrx_word' id='word_1_8' title='bbox 650 630 831 735; x_wconf 85' lang='lat' dir='ltr'>utrinque</span> <span class='ocrx_word' id='word_1_9' title='bbox 863 646 1008 735; x_wconf 87' lang='lat' dir='ltr'>puncto</span> <span class='ocrx_word' id='word_1_10' title='bbox 1046 633 1174 726; x_wconf 79' lang='lat' dir='ltr'>albo,«</span> <span class='ocrx_word' id='word_1_11' title='bbox 1219 634 1302 737; x_wconf 88' lang='lat' dir='ltr'>quod</span> 
     </span>
     <span class='ocr_line' id='line_1_4' title="bbox 472 751 1301 832; baseline 0.004 -3"><span class='ocrx_word' id='word_1_12' title='bbox 472 754 588 829; x_wconf 86' lang='lat' dir='ltr'>etiam</span> <span class='ocrx_word' id='word_1_13' title='bbox 622 778 646 829; x_wconf 87' lang='lat' dir='ltr'>e</span> <span class='ocrx_word' id='word_1_14' title='bbox 679 752 795 828; x_wconf 82' lang='lat' dir='ltr'>citata</span> <span class='ocrx_word' id='word_1_15' title='bbox 828 751 989 829; x_wconf 82' lang='lat' dir='ltr'>Schacff.</span> <span class='ocrx_word' id='word_1_16' title='bbox 1030 755 1133 830; x_wconf 89' lang='lat' dir='ltr'>Icon.</span> <span class='ocrx_word' id='word_1_17' title='bbox 1165 755 1235 830; x_wconf 87' lang='lat' dir='ltr'>tab.</span> <span class='ocrx_word' id='word_1_18' title='bbox 1265 758 1301 832; x_wconf 83' lang='grc'>81</span> 
     </span>
     <span class='ocr_line' id='line_1_5' title="bbox 338 873 818 984; baseline 0.004 -37"><span class='ocrx_word' id='word_1_19' title='bbox 338 967 343 984; x_wconf 17' lang='grc' dir='ltr'><strong><em>ἡ</em></strong></span> <span class='ocrx_word' id='word_1_20' title='bbox 471 873 534 974; x_wconf 84' lang='lat' dir='ltr'>fig.</span> <span class='ocrx_word' id='word_1_21' title='bbox 570 882 594 953; x_wconf 88' lang='lat'><strong>9</strong></span> <span class='ocrx_word' id='word_1_22' title='bbox 628 875 818 976; x_wconf 86' lang='lat' dir='ltr'>apparet).</span> 
     </span>
     <span class='ocr_line' id='line_1_6' title="bbox 258 991 1090 1072; baseline 0.001 0"><span class='ocrx_word' id='word_1_23' title='bbox 258 993 368 1072; x_wconf 81' lang='lat' dir='ltr'>chn.</span> <span class='ocrx_word' id='word_1_24' title='bbox 393 999 629 1069; x_wconf 82' lang='lat' dir='ltr'>moratorias</span> <span class='ocrx_word' id='word_1_25' title='bbox 648 991 799 1071; x_wconf 89' lang='lat' dir='ltr'>Thunb.</span> <span class='ocrx_word' id='word_1_26' title='bbox 821 991 928 1070; x_wconf 90' lang='lat' dir='ltr'>Ichn.</span> <span class='ocrx_word' id='word_1_27' title='bbox 951 995 1014 1072; x_wconf 81' lang='lat'>76.</span> <span class='ocrx_word' id='word_1_28' title='bbox 1087 1058 1090 1062; x_wconf 52' lang='grc'><em>»</em></span> 
     </span>
     <span class='ocr_line' id='line_1_7' title="bbox 257 1113 1299 1208; baseline -0.006 -14"><span class='ocrx_word' id='word_1_29' title='bbox 257 1115 366 1194; x_wconf 84' lang='grc' dir='ltr'>ΙοΙιιι.</span> <span class='ocrx_word' id='word_1_30' title='bbox 390 1113 644 1191; x_wconf 81' lang='lat' dir='ltr'>mediatarr&#39;as</span> <span class='ocrx_word' id='word_1_31' title='bbox 664 1116 807 1190; x_wconf 89' lang='lat' dir='ltr'>Panzer</span> <span class='ocrx_word' id='word_1_32' title='bbox 824 1115 971 1206; x_wconf 85' lang='lat' dir='ltr'>Fauna,</span> <span class='ocrx_word' id='word_1_33' title='bbox 999 1114 1089 1192; x_wconf 79' lang='lat' dir='ltr'>fasc.</span> <span class='ocrx_word' id='word_1_34' title='bbox 1110 1125 1176 1208; x_wconf 90' lang='grc'>80,</span> <span class='ocrx_word' id='word_1_35' title='bbox 1201 1113 1299 1191; x_wconf 80' lang='lat' dir='ltr'>tabt</span> 
     </span>
     <span class='ocr_line' id='line_1_8' title="bbox 472 1233 766 1334; baseline 0.01 -27"><span class='ocrx_word' id='word_1_36' title='bbox 472 1233 592 1332; x_wconf 89' lang='lat' dir='ltr'>(haud</span> <span class='ocrx_word' id='word_1_37' title='bbox 620 1233 766 1334; x_wconf 67' lang='lat' dir='ltr'>Faba).</span> 
     </span>
    </p>
   </div>
   <div class='ocr_carea' id='block_1_3' title="bbox 259 1355 1267 1462">
    <p class='ocr_par' dir='ltr' id='par_1_3' title="bbox 259 1355 1267 1462">
     <span class='ocr_line' id='line_1_9' title="bbox 259 1355 1267 1462; baseline -0.005 -27"><span class='ocrx_word' id='word_1_38' title='bbox 259 1360 484 1462; x_wconf 79' lang='lat' dir='ltr'>Cryptaras</span> <span class='ocrx_word' id='word_1_39' title='bbox 501 1356 774 1454; x_wconf 78' lang='lat' dir='ltr'>sagittator-ias</span> <span class='ocrx_word' id='word_1_40' title='bbox 795 1355 975 1434; x_wconf 84' lang='lat' dir='ltr'>Lamarck</span> <span class='ocrx_word' id='word_1_41' title='bbox 996 1382 1034 1460; x_wconf 85' lang='lat' dir='ltr'>p.</span> <span class='ocrx_word' id='word_1_42' title='bbox 1061 1362 1153 1449; x_wconf 89' lang='lat'><strong>141,</strong></span> <span class='ocrx_word' id='word_1_43' title='bbox 1181 1385 1214 1433; x_wconf 90' lang='lat' dir='ltr'>n.</span> <span class='ocrx_word' id='word_1_44' title='bbox 1241 1361 1267 1433; x_wconf 89' lang='lat'>1.</span> 
     </span>
    </p>
   </div>
   <div class='ocr_carea' id='block_1_4' title="bbox 512 1525 654 1654">
    <p class='ocr_par' dir='ltr' id='par_1_4' title="bbox 512 1525 654 1654">
     <span class='ocr_line' id='line_1_10' title="bbox 512 1525 654 1654; baseline -0.014 0"><span class='ocrx_word' id='word_1_45' title='bbox 512 1525 654 1654; x_wconf 76' lang='lat' dir='ltr'>Nota:</span> 
     </span>
    </p>
   </div>
   <div class='ocr_carea' id='block_1_5' title="bbox 249 1713 1297 4227">
    <p class='ocr_par' dir='ltr' id='par_1_5' title="bbox 249 1713 1297 3837">
     <span class='ocr_line' id='line_1_11' title="bbox 336 1713 1297 1794; baseline -0.01 -3"><span class='ocrx_word' id='word_1_46' title='bbox 336 1719 398 1792; x_wconf 92' lang='lat' dir='ltr'>De</span> <span class='ocrx_word' id='word_1_47' title='bbox 411 1713 520 1792; x_wconf 86' lang='lat' dir='ltr'>chn.</span> <span class='ocrx_word' id='word_1_48' title='bbox 541 1721 742 1791; x_wconf 83' lang='lat' dir='ltr'>natatorio</span> <span class='ocrx_word' id='word_1_49' title='bbox 755 1714 921 1790; x_wconf 81' lang='lat' dir='ltr'>Fabricii</span> <span class='ocrx_word' id='word_1_50' title='bbox 936 1741 1027 1793; x_wconf 88' lang='lat' dir='ltr'>vero</span> <span class='ocrx_word' id='word_1_51' title='bbox 1042 1717 1189 1794; x_wconf 89' lang='lat' dir='ltr'>nullum</span> <span class='ocrx_word' id='word_1_52' title='bbox 1204 1719 1297 1790; x_wconf 80' lang='lat' dir='ltr'>restat</span> 
     </span>
     <span class='ocr_line' id='line_1_12' title="bbox 259 1833 1296 1940; baseline -0.006 -31"><span class='ocrx_word' id='word_1_53' title='bbox 259 1835 434 1925; x_wconf 90' lang='lat' dir='ltr'>dubium,</span> <span class='ocrx_word' id='word_1_54' title='bbox 462 1863 547 1911; x_wconf 91' lang='lat' dir='ltr'>cum</span> <span class='ocrx_word' id='word_1_55' title='bbox 574 1835 742 1912; x_wconf 86' lang='lat' dir='ltr'>Germar</span> <span class='ocrx_word' id='word_1_56' title='bbox 763 1836 865 1940; x_wconf 88' lang='lat' dir='ltr'>idem</span> <span class='ocrx_word' id='word_1_57' title='bbox 884 1836 1142 1928; x_wconf 86' lang='lat' dir='ltr'>individuum,</span> <span class='ocrx_word' id='word_1_58' title='bbox 1169 1835 1225 1911; x_wconf 88' lang='lat' dir='ltr'>cui</span> <span class='ocrx_word' id='word_1_59' title='bbox 1242 1833 1296 1906; x_wconf 81' lang='lat' dir='ltr'>Fa-</span> 
     </span>
     <span class='ocr_line' id='line_1_13' title="bbox 259 1941 1297 2058; baseline -0.007 -27"><span class='ocrx_word' id='word_1_60' title='bbox 259 1956 402 2032; x_wconf 85' lang='lat' dir='ltr'>bricius</span> <span class='ocrx_word' id='word_1_61' title='bbox 431 1956 514 2058; x_wconf 89' lang='lat' dir='ltr'>ipse</span> <span class='ocrx_word' id='word_1_62' title='bbox 542 1955 582 2029; x_wconf 92' lang='lat' dir='ltr'>in</span> <span class='ocrx_word' id='word_1_63' title='bbox 611 1955 842 2031; x_wconf 85' lang='lat' dir='ltr'>collectione</span> <span class='ocrx_word' id='word_1_64' title='bbox 859 1941 1032 2031; x_wconf 81' lang='lat' dir='ltr'>¹Hi&#39;rbneri</span> <span class='ocrx_word' id='word_1_65' title='bbox 1054 1983 1190 2036; x_wconf 89' lang='lat' dir='ltr'>nomen</span> <span class='ocrx_word' id='word_1_66' title='bbox 1209 1967 1297 2033; x_wconf 86' lang='lat' dir='ltr'>nata·</span> 
     </span>
     <span class='ocr_line' id='line_1_14' title="bbox 260 2076 1297 2178; baseline -0.005 -24"><span class='ocrx_word' id='word_1_67' title='bbox 260 2083 354 2154; x_wconf 82' lang='lat' dir='ltr'>torii</span> <span class='ocrx_word' id='word_1_68' title='bbox 366 2076 624 2178; x_wconf 79' lang='lat' dir='ltr'>adscripscrat,</span> <span class='ocrx_word' id='word_1_69' title='bbox 640 2102 787 2150; x_wconf 88' lang='lat' dir='ltr'>mecum</span> <span class='ocrx_word' id='word_1_70' title='bbox 802 2077 1149 2156; x_wconf 82' lang='lat' dir='ltr'>communicaverit.</span> <span class='ocrx_word' id='word_1_71' title='bbox 1165 2120 1214 2136; x_wconf 91' lang='lat'>-</span> <span class='ocrx_word' id='word_1_72' title='bbox 1225 2077 1297 2149; x_wconf 83' lang='lat' dir='ltr'>Pan·</span> 
     </span>
     <span class='ocr_line' id='line_1_15' title="bbox 258 2191 1294 2300; baseline -0.004 -28"><span class='ocrx_word' id='word_1_73' title='bbox 258 2222 349 2272; x_wconf 84' lang='lat' dir='ltr'>zero</span> <span class='ocrx_word' id='word_1_74' title='bbox 370 2213 512 2285; x_wconf 86' lang='lat' dir='ltr'>autem,</span> <span class='ocrx_word' id='word_1_75' title='bbox 540 2197 605 2298; x_wconf 90' lang='lat' dir='ltr'>qui</span> <span class='ocrx_word' id='word_1_76' title='bbox 621 2196 661 2272; x_wconf 92' lang='lat' dir='ltr'>in</span> <span class='ocrx_word' id='word_1_77' title='bbox 675 2195 877 2272; x_wconf 86' lang='lat' dir='ltr'>Revisionc</span> <span class='ocrx_word' id='word_1_78' title='bbox 891 2224 974 2300; x_wconf 83' lang='lat' dir='ltr'>pag.</span> <span class='ocrx_word' id='word_1_79' title='bbox 992 2206 1037 2277; x_wconf 89' lang='lat'>61</span> <span class='ocrx_word' id='word_1_80' title='bbox 1049 2213 1193 2300; x_wconf 81' lang='lat' dir='ltr'>censet,</span> <span class='ocrx_word' id='word_1_81' title='bbox 1211 2191 1294 2272; x_wconf 82' lang='lat' dir='ltr'>cha·</span> 
     </span>
     <span class='ocr_line' id='line_1_16' title="bbox 260 2310 1295 2412; baseline -0.009 -20"><span class='ocrx_word' id='word_1_82' title='bbox 260 2324 500 2393; x_wconf 76' lang='lat' dir='ltr'>natatoriam</span> <span class='ocrx_word' id='word_1_83' title='bbox 515 2319 625 2393; x_wconf 87' lang='lat' dir='ltr'>Panz.</span> <span class='ocrx_word' id='word_1_84' title='bbox 643 2319 762 2393; x_wconf 89' lang='lat' dir='ltr'>Faun.</span> <span class='ocrx_word' id='word_1_85' title='bbox 779 2317 810 2389; x_wconf 90' lang='lat' dir='ltr'>F</span> <span class='ocrx_word' id='word_1_86' title='bbox 812 2342 885 2392; x_wconf 89' lang='lat' dir='ltr'>asc.</span> <span class='ocrx_word' id='word_1_87' title='bbox 903 2327 968 2406; x_wconf 87' lang='grc'>80,</span> <span class='ocrx_word' id='word_1_88' title='bbox 996 2319 1073 2394; x_wconf 89' lang='lat' dir='ltr'>tab.</span> <span class='ocrx_word' id='word_1_89' title='bbox 1098 2330 1139 2412; x_wconf 88' lang='grc'>9,</span> <span class='ocrx_word' id='word_1_90' title='bbox 1165 2310 1295 2395; x_wconf 84' lang='lat' dir='ltr'>ctchn.</span> 
     </span>
     <span class='ocr_line' id='line_1_17' title="bbox 261 2435 1295 2536; baseline -0.008 -23"><span class='ocrx_word' id='word_1_91' title='bbox 261 2443 563 2536; x_wconf 82' lang='lat' dir='ltr'>variegatorium</span> <span class='ocrx_word' id='word_1_92' title='bbox 591 2436 751 2526; x_wconf 90' lang='lat' dir='ltr'>ibidem,</span> <span class='ocrx_word' id='word_1_93' title='bbox 793 2435 884 2512; x_wconf 85' lang='lat' dir='ltr'>fasc.</span> <span class='ocrx_word' id='word_1_94' title='bbox 914 2445 984 2526; x_wconf 81' lang='grc'>78,</span> <span class='ocrx_word' id='word_1_95' title='bbox 1022 2437 1100 2516; x_wconf 88' lang='lat' dir='ltr'>tab.</span> <span class='ocrx_word' id='word_1_96' title='bbox 1134 2448 1195 2527; x_wconf 89' lang='lat'>11,</span> <span class='ocrx_word' id='word_1_97' title='bbox 1230 2451 1295 2506; x_wconf 87' lang='lat' dir='ltr'>cam</span> 
     </span>
     <span class='ocr_line' id='line_1_18' title="bbox 260 2545 1295 2659; baseline -0.005 -27"><span class='ocrx_word' id='word_1_98' title='bbox 260 2555 370 2632; x_wconf 82' lang='lat' dir='ltr'>chn.</span> <span class='ocrx_word' id='word_1_99' title='bbox 404 2564 606 2634; x_wconf 86' lang='lat' dir='ltr'>natatorio</span> <span class='ocrx_word' id='word_1_100' title='bbox 632 2558 742 2637; x_wconf 86' lang='lat' dir='ltr'>Fabr.</span> <span class='ocrx_word' id='word_1_101' title='bbox 777 2556 1062 2659; x_wconf 85' lang='lat' dir='ltr'>conjungendos</span> <span class='ocrx_word' id='word_1_102' title='bbox 1086 2587 1183 2647; x_wconf 84' lang='lat' dir='ltr'>esse,</span> <span class='ocrx_word' id='word_1_103' title='bbox 1219 2545 1295 2628; x_wconf 82' lang='lat' dir='ltr'>haud</span> 
     </span>
     <span class='ocr_line' id='line_1_19' title="bbox 260 2673 1295 2779; baseline -0.006 -30"><span class='ocrx_word' id='word_1_104' title='bbox 260 2673 450 2751; x_wconf 82' lang='lat' dir='ltr'>adsentire</span> <span class='ocrx_word' id='word_1_105' title='bbox 464 2701 629 2778; x_wconf 86' lang='lat' dir='ltr'>possum,</span> <span class='ocrx_word' id='word_1_106' title='bbox 658 2703 743 2752; x_wconf 87' lang='lat' dir='ltr'>nam</span> <span class='ocrx_word' id='word_1_107' title='bbox 758 2694 899 2779; x_wconf 89' lang='lat' dir='ltr'>puncta</span> <span class='ocrx_word' id='word_1_108' title='bbox 912 2677 1007 2768; x_wconf 90' lang='lat' dir='ltr'>alba,</span> <span class='ocrx_word' id='word_1_109' title='bbox 1035 2680 1076 2755; x_wconf 88' lang='lat' dir='ltr'>in</span> <span class='ocrx_word' id='word_1_110' title='bbox 1092 2680 1195 2758; x_wconf 80' lang='lat' dir='ltr'>chn.</span> <span class='ocrx_word' id='word_1_111' title='bbox 1208 2687 1295 2750; x_wconf 86' lang='lat' dir='ltr'>nata·</span> 
     </span>
     <span class='ocr_line' id='line_1_20' title="bbox 259 2785 1293 2899; baseline -0.014 -27"><span class='ocrx_word' id='word_1_112' title='bbox 259 2802 362 2873; x_wconf 87' lang='lat' dir='ltr'>torio</span> <span class='ocrx_word' id='word_1_113' title='bbox 390 2795 499 2870; x_wconf 87' lang='lat' dir='ltr'>Fabr.</span> <span class='ocrx_word' id='word_1_114' title='bbox 532 2795 579 2870; x_wconf 90' lang='lat' dir='ltr'>ad</span> <span class='ocrx_word' id='word_1_115' title='bbox 607 2795 716 2871; x_wconf 90' lang='lat' dir='ltr'>basin</span> <span class='ocrx_word' id='word_1_116' title='bbox 746 2811 1024 2899; x_wconf 80' lang='lat' dir='ltr'>segmentorum</span> <span class='ocrx_word' id='word_1_117' title='bbox 1057 2801 1147 2889; x_wconf 85' lang='lat' dir='ltr'>sita,</span> <span class='ocrx_word' id='word_1_118' title='bbox 1188 2797 1223 2872; x_wconf 91' lang='lat' dir='ltr'>in</span> <span class='ocrx_word' id='word_1_119' title='bbox 1251 2785 1293 2864; x_wconf 82' lang='lat' dir='ltr'>bis</span> 
     </span>
     <span class='ocr_line' id='line_1_21' title="bbox 259 2915 1294 3022; baseline -0.006 -32"><span class='ocrx_word' id='word_1_120' title='bbox 259 2915 579 2993; x_wconf 88' lang='lat' dir='ltr'>Ichneumonibus</span> <span class='ocrx_word' id='word_1_121' title='bbox 607 2917 845 2993; x_wconf 85' lang='lat' dir='ltr'>Panzerianis</span> <span class='ocrx_word' id='word_1_122' title='bbox 872 2919 1020 3020; x_wconf 78' lang='lat' dir='ltr'>apicem</span> <span class='ocrx_word' id='word_1_123' title='bbox 1047 2931 1294 3022; x_wconf 85' lang='lat' dir='ltr'>segmentorum</span> 
     </span>
     <span class='ocr_line' id='line_1_22' title="bbox 257 3020 1293 3142; baseline -0.005 -30"><span class='ocrx_word' id='word_1_124' title='bbox 257 3052 463 3141; x_wconf 81' lang='lat' dir='ltr'>occupant3</span> <span class='ocrx_word' id='word_1_125' title='bbox 489 3035 684 3139; x_wconf 82' lang='lat' dir='ltr'>praeterea</span> <span class='ocrx_word' id='word_1_126' title='bbox 702 3038 816 3113; x_wconf 88' lang='lat' dir='ltr'>etiam</span> <span class='ocrx_word' id='word_1_127' title='bbox 839 3037 988 3140; x_wconf 86' lang='lat' dir='ltr'>pictura</span> <span class='ocrx_word' id='word_1_128' title='bbox 1008 3037 1188 3142; x_wconf 81' lang='lat' dir='ltr'>segmenti</span> <span class='ocrx_word' id='word_1_129' title='bbox 1206 3020 1293 3137; x_wconf 66' lang='lat' dir='ltr'>primi</span> 
     </span>
     <span class='ocr_line' id='line_1_23' title="bbox 258 3157 1294 3262; baseline -0.006 -27"><span class='ocrx_word' id='word_1_130' title='bbox 258 3174 298 3236; x_wconf 91' lang='lat' dir='ltr'>et</span> <span class='ocrx_word' id='word_1_131' title='bbox 318 3159 458 3262; x_wconf 91' lang='lat' dir='ltr'>pedum</span> <span class='ocrx_word' id='word_1_132' title='bbox 481 3157 621 3234; x_wconf 85' lang='lat' dir='ltr'>differt.</span> <span class='ocrx_word' id='word_1_133' title='bbox 678 3158 879 3234; x_wconf 88' lang='lat' dir='ltr'>Caeterum</span> <span class='ocrx_word' id='word_1_134' title='bbox 907 3185 998 3236; x_wconf 88' lang='lat' dir='ltr'>cave</span> <span class='ocrx_word' id='word_1_135' title='bbox 1020 3187 1068 3236; x_wconf 90' lang='lat' dir='ltr'>ne</span> <span class='ocrx_word' id='word_1_136' title='bbox 1088 3161 1191 3238; x_wconf 84' lang='lat' dir='ltr'>chn.</span> <span class='ocrx_word' id='word_1_137' title='bbox 1208 3163 1294 3230; x_wconf 74' lang='lat' dir='ltr'>nata·</span> 
     </span>
     <span class='ocr_line' id='line_1_24' title="bbox 250 3267 1292 3381; baseline -0.009 -24"><span class='ocrx_word' id='word_1_138' title='bbox 250 3287 401 3357; x_wconf 84' lang='lat' dir='ltr'>-toriam</span> <span class='ocrx_word' id='word_1_139' title='bbox 431 3280 604 3368; x_wconf 87' lang='lat' dir='ltr'>Panzeri,</span> <span class='ocrx_word' id='word_1_140' title='bbox 639 3278 686 3354; x_wconf 88' lang='lat' dir='ltr'>de</span> <span class='ocrx_word' id='word_1_141' title='bbox 714 3304 790 3381; x_wconf 91' lang='lat' dir='ltr'>quo</span> <span class='ocrx_word' id='word_1_142' title='bbox 817 3278 988 3356; x_wconf 82' lang='lat' dir='ltr'>conferas</span> <span class='ocrx_word' id='word_1_143' title='bbox 1016 3295 1183 3356; x_wconf 88' lang='lat' dir='ltr'>nostram</span> <span class='ocrx_word' id='word_1_144' title='bbox 1207 3267 1292 3351; x_wconf 77' lang='lat' dir='ltr'>chn·</span> 
     </span>
     <span class='ocr_line' id='line_1_25' title="bbox 249 3381 1293 3499; baseline -0.003 -26"><span class='ocrx_word' id='word_1_145' title='bbox 249 3398 581 3499; x_wconf 80' lang='lat' dir='ltr'>flavoguttatam,</span> <span class='ocrx_word' id='word_1_146' title='bbox 610 3427 646 3472; x_wconf 94' lang='grc' dir='ltr'>ιι.</span> <span class='ocrx_word' id='word_1_147' title='bbox 673 3405 763 3489; x_wconf 85' lang='grc'><strong>174,</strong></span> <span class='ocrx_word' id='word_1_148' title='bbox 791 3425 877 3475; x_wconf 92' lang='lat' dir='ltr'>cum</span> <span class='ocrx_word' id='word_1_149' title='bbox 899 3400 1006 3476; x_wconf 78' lang='lat' dir='ltr'>[aba.</span> <span class='ocrx_word' id='word_1_150' title='bbox 1027 3381 1293 3478; x_wconf 78' lang='lat' dir='ltr'>notatortoOli·</span> 
     </span>
     <span class='ocr_line' id='line_1_26' title="bbox 259 3508 1292 3622; baseline 0.004 -28"><span class='ocrx_word' id='word_1_151' title='bbox 259 3520 372 3607; x_wconf 83' lang='lat' dir='ltr'>vieri,</span> <span class='ocrx_word' id='word_1_152' title='bbox 405 3547 442 3620; x_wconf 89' lang='lat' dir='ltr'>p.</span> <span class='ocrx_word' id='word_1_153' title='bbox 475 3526 564 3606; x_wconf 85' lang='lat'><strong>171,</strong></span> <span class='ocrx_word' id='word_1_154' title='bbox 598 3546 634 3593; x_wconf 90' lang='lat' dir='ltr'>n.</span> <span class='ocrx_word' id='word_1_155' title='bbox 666 3529 734 3608; x_wconf 84' lang='grc'>37,</span> <span class='ocrx_word' id='word_1_156' title='bbox 770 3537 808 3595; x_wconf 87' lang='lat' dir='ltr'>et</span> <span class='ocrx_word' id='word_1_157' title='bbox 830 3520 1002 3596; x_wconf 88' lang='lat' dir='ltr'>Villersii</span> <span class='ocrx_word' id='word_1_158' title='bbox 1030 3547 1068 3622; x_wconf 90' lang='lat' dir='ltr'>p.</span> <span class='ocrx_word' id='word_1_159' title='bbox 1097 3524 1184 3605; x_wconf 84' lang='lat'><strong>159,</strong></span> <span class='ocrx_word' id='word_1_160' title='bbox 1209 3541 1239 3586; x_wconf 82' lang='lat'>¹1·</span> <span class='ocrx_word' id='word_1_161' title='bbox 1257 3508 1292 3582; x_wconf 76' lang='lat'>75</span> 
     </span>
     <span class='ocr_line' id='line_1_27' title="bbox 259 3625 1292 3718; baseline -0.004 -6"><span class='ocrx_word' id='word_1_162' title='bbox 259 3638 478 3713; x_wconf 86' lang='lat' dir='ltr'>confundas.</span> <span class='ocrx_word' id='word_1_163' title='bbox 500 3681 552 3696; x_wconf 85' lang='lat'><em>-</em></span> <span class='ocrx_word' id='word_1_164' title='bbox 573 3638 682 3714; x_wconf 81' lang='lat' dir='ltr'>chn.</span> <span class='ocrx_word' id='word_1_165' title='bbox 712 3648 935 3718; x_wconf 78' lang='lat' dir='ltr'>natatorius</span> <span class='ocrx_word' id='word_1_166' title='bbox 961 3640 1112 3717; x_wconf 89' lang='lat' dir='ltr'>Thunb.</span> <span class='ocrx_word' id='word_1_167' title='bbox 1139 3634 1233 3712; x_wconf 86' lang='lat' dir='ltr'>Ichn.</span> <span class='ocrx_word' id='word_1_168' title='bbox 1255 3625 1292 3702; x_wconf 71' lang='lat'>22</span> 
     </span>
     <span class='ocr_line' id='line_1_28' title="bbox 260 3756 918 3837; baseline 0.006 -4"><span class='ocrx_word' id='word_1_169' title='bbox 260 3758 390 3833; x_wconf 84' lang='lat' dir='ltr'>differt</span> <span class='ocrx_word' id='word_1_170' title='bbox 410 3756 619 3831; x_wconf 86' lang='lat' dir='ltr'>abdominis</span> <span class='ocrx_word' id='word_1_171' title='bbox 641 3759 720 3833; x_wconf 90' lang='lat' dir='ltr'>basi</span> <span class='ocrx_word' id='word_1_172' title='bbox 742 3761 824 3834; x_wconf 84' lang='lat' dir='ltr'>rusa</span> <span class='ocrx_word' id='word_1_173' title='bbox 845 3776 918 3837; x_wconf 86' lang='lat' dir='ltr'>etc.</span> 
     </span>
    </p>

    <p class='ocr_par' dir='ltr' id='par_1_6' title="bbox 259 3868 1291 4227">
     <span class='ocr_line' id='line_1_29' title="bbox 337 3868 1289 3980; baseline -0.006 -26"><span class='ocrx_word' id='word_1_174' title='bbox 337 3877 446 3954; x_wconf 75' lang='lat' dir='ltr'>lehn.</span> <span class='ocrx_word' id='word_1_175' title='bbox 475 3882 746 3975; x_wconf 80' lang='lat' dir='ltr'>sugillatorias</span> <span class='ocrx_word' id='word_1_176' title='bbox 775 3880 909 3957; x_wconf 88' lang='lat' dir='ltr'>Linnei</span> <span class='ocrx_word' id='word_1_177' title='bbox 937 3878 1012 3956; x_wconf 87' lang='lat' dir='ltr'>hac</span> <span class='ocrx_word' id='word_1_178' title='bbox 1041 3906 1115 3956; x_wconf 90' lang='lat' dir='ltr'>non</span> <span class='ocrx_word' id='word_1_179' title='bbox 1145 3868 1289 3980; x_wconf 72' lang='lat' dir='ltr'>pertintb</span> 
     </span>
     <span class='ocr_line' id='line_1_30' title="bbox 259 3979 1291 4102; baseline -0.006 -29"><span class='ocrx_word' id='word_1_180' title='bbox 259 4012 418 4102; x_wconf 83' lang='lat' dir='ltr'>propter</span> <span class='ocrx_word' id='word_1_181' title='bbox 440 3996 554 4097; x_wconf 84' lang='lat' dir='ltr'>pedes</span> <span class='ocrx_word' id='word_1_182' title='bbox 576 3997 713 4098; x_wconf 84' lang='lat' dir='ltr'>nigros,</span> <span class='ocrx_word' id='word_1_183' title='bbox 741 4000 806 4074; x_wconf 87' lang='lat' dir='ltr'>sed</span> <span class='ocrx_word' id='word_1_184' title='bbox 829 3999 875 4075; x_wconf 95' lang='lat' dir='ltr'>ad</span> <span class='ocrx_word' id='word_1_185' title='bbox 896 4017 1066 4076; x_wconf 85' lang='lat' dir='ltr'>nostrum</span> <span class='ocrx_word' id='word_1_186' title='bbox 1080 3997 1183 4075; x_wconf 83' lang='lat' dir='ltr'>chn.</span> <span class='ocrx_word' id='word_1_187' title='bbox 1199 3979 1291 4084; x_wconf 78' lang='lat' dir='ltr'>sugd·</span> 
     </span>
     <span class='ocr_line' id='line_1_31' title="bbox 259 4102 1291 4227; baseline -0.026 -25"><span class='ocrx_word' id='word_1_188' title='bbox 259 4122 461 4210; x_wconf 78' lang='lat' dir='ltr'>iatoriam,</span> <span class='ocrx_word' id='word_1_189' title='bbox 476 4143 513 4194; x_wconf 87' lang='lat' dir='ltr'>a.</span> <span class='ocrx_word' id='word_1_190' title='bbox 534 4119 620 4197; x_wconf 80' lang='lat'><strong>172.</strong></span> <span class='ocrx_word' id='word_1_191' title='bbox 637 4161 689 4176; x_wconf 98' lang='lat'><em>-</em></span> <span class='ocrx_word' id='word_1_192' title='bbox 701 4119 821 4214; x_wconf 83' lang='lat' dir='ltr'>Rosci,</span> <span class='ocrx_word' id='word_1_193' title='bbox 842 4119 884 4199; x_wconf 85' lang='lat' dir='ltr'>in</span> <span class='ocrx_word' id='word_1_194' title='bbox 894 4119 1149 4227; x_wconf 78' lang='lat' dir='ltr'>descriptione</span> <span class='ocrx_word' id='word_1_195' title='bbox 1159 4102 1291 4213; x_wconf 80' lang='lat' dir='ltr'>sagdia-</span> 
     </span>
    </p>
   </div>
   <div class='ocr_carea' id='block_1_6' title="bbox 0 0 1348 4814">
    <p class='ocr_par' dir='ltr' id='par_1_7' title="bbox 0 0 1348 4814">
     <span class='ocr_line' id='line_1_32' title="bbox 0 0 1348 4814; baseline 0 1"><span class='ocrx_word' id='word_1_196' title='bbox 0 0 1348 4814; x_wconf 95' lang='lat' dir='ltr'> </span> 
     </span>
    </p>
   </div>
  </div>
 </body>
</html>
