2704 4806
279 317 337 390 ,18
583 331 798 384 ussronru
821 327 1060 383 conruens

278 494 478 596 ⁴symbolis
499 497 545 572 ad
563 493 759 574 historiam
780 495 1007 582 naturalem,
1033 495 1163 597 plures
1190 494 1318 573 lehne

275 639 420 690 mones
437 617 685 694 describebat.
706 657 760 674 -
782 620 890 690 Anno
914 623 1014 695 1779
1033 615 1184 694 Pollich
1209 617 1318 717 speci

268 735 541 825 rinsectorunr,
588 738 630 812 in
660 737 869 836 systemate
910 736 1069 812 Linnaci
1111 736 1318 811 desiderata

273 856 440 945 edebat,
476 855 577 930 inter
603 880 695 956 quas
723 855 838 932 etiam
858 854 1057 958 pulchram
1084 854 1319 930 lchneumou

279 976 377 1051 -dum
431 974 609 1076 speciem.
650 1015 705 1034 -
753 979 862 1049 Auno
911 985 1011 1054 1780
1057 975 1264 1078 Schrurrk,
1316 975 1319 1048 i

286 1096 477 1198 symbolis
503 1092 810 1194 entomolcgieis,
850 1096 1032 1196 quosdam
1050 1096 1165 1172 etiarn
1186 1093 1319 1170 ¹Ichner

276 1242 418 1306 ,moues
456 1213 704 1290 describebat.
738 1255 790 1272 --·
816 1217 862 1291 Ο.
896 1213 1118 1304 Fabricius,
1158 1214 1200 1288 in
1228 1217 1319 1290 Fam

285 1333 566 1414 Groenlandica
580 1330 875 1434 descriptionem
895 1335 1162 1410 Ichneumonis
1180 1336 1320 1411 moden

272 1455 381 1531 toris
402 1452 618 1530 exhibebat.
631 1455 805 1529 -Anno
822 1461 918 1532 1781
933 1459 968 1531 Ι.
984 1459 1027 1532 C.
1041 1454 1252 1532 Fabricius
1265 1457 1320 1556 sp

278 1574 366 1652 ,cies
396 1576 632 1648 insectorum
658 1572 810 1664 edebat,
847 1573 948 1648 inter
974 1601 1065 1676 quas
1090 1575 1206 1650 etiam
1224 1575 1320 1677 plun

287 1718 406 1770 novos
434 1691 721 1768 Ichneumones.
742 1735 796 1752 --
813 1693 994 1770 Schrunk
1020 1694 1320 1770 Enumerationer

285 1815 521 1890 Insectorum
534 1812 706 1888 Austriae
721 1811 866 1912 publici
885 1812 980 1912 juris
994 1813 1159 1889 faciebat
1177 1829 1237 1904 et,
1262 1810 1321 1885 lia

285 1934 327 2009 in
352 1959 489 2034 genere
509 1931 807 2008 Ichneumonum
831 1932 988 2009 familiis
1011 1934 1236 2009 Linnaeanis
1266 1951 1321 2005 usu

287 2053 348 2142 sit,
364 2051 456 2127 haec
469 2065 597 2127 tamen
612 2054 736 2142 rerba,
757 2053 892 2154 pagina
908 2061 995 2141 378,
1014 2053 1192 2128 addebat:
1225 2045 1321 2126 »Mil

280 2206 306 2246 -s
317 2174 471 2277 quidem
485 2171 802 2247 nullumdubium
823 2189 897 2264 est,
926 2173 967 2245 in
987 2171 1061 2245 hoc
1082 2199 1222 2274 genere
1243 2195 1321 2271 saep

287 2295 549 2391 »contingere
577 2305 620 2362 ut
633 2290 734 2363 idem
748 2289 944 2378 insectum,
966 2292 1030 2366 sed
1047 2317 1137 2366 sexu
1150 2294 1321 2369 diversun

286 2411 462 2486 »diversa
487 2407 666 2482 sortiatur
685 2407 848 2483 nomina.
903 2410 982 2482 Nec
1004 2410 1220 2486 confusioni
1239 2407 1322 2484 facil

287 2529 465 2606 »medela
480 2525 688 2616 invenitur,
715 2553 735 2602 a
750 2553 838 2603 casu
854 2529 1092 2604 solummodo
1113 2547 1152 2605 et
1170 2531 1208 2604 di
1216 2547 1322 2606 utura

285 2666 489 2750 »tempore
501 2646 732 2748 expectanda
747 2664 816 2737 est,
832 2651 1137 2751 quandoquidem
1153 2677 1225 2725 nec
1237 2652 1322 2725 larus

287 2785 358 2846 »et
376 2769 469 2842 baec
482 2767 709 2868 plerumque
734 2768 780 2840 ad
798 2768 1092 2844 declarationem
1115 2789 1322 2846 consumma

273 2905 395 2968 ,stam
421 2885 658 2976 abscondita,
689 2913 759 2962 nec
783 2887 968 2985 habitatio
992 2889 1206 2991 victusque,
1242 2883 1322 2991 quid

285 3036 428 3113 aquam
440 3005 631 3084 decidunt.
688 3006 790 3080 lllud
803 3021 998 3107 praeterea
1018 3010 1239 3086 observasse
1255 3005 1322 3082 mih

287 3131 467 3217 arideus,
505 3125 732 3200 divisionem
772 3125 886 3227 hujus
919 3129 1067 3227 generis
1105 3127 1322 3204 insectorum

287 3275 414 3350 aquae
434 3247 481 3322 ab
502 3244 676 3318 antennis
691 3245 1001 3321 albo-annulatis
1024 3263 1062 3322 et
1077 3248 1322 3324 unicoloribus

288 3395 337 3442 aa
355 3365 517 3444 scutello
531 3363 729 3438 flavicante
750 3381 788 3440 et
806 3367 953 3440 thoraci
975 3368 1191 3456 concolore,
1215 3361 1322 3444 statui

288 3504 395 3575 rtur,
424 3511 612 3587 quamque
638 3499 678 3558 et
698 3509 785 3586 ege,
820 3485 981 3562 illustris
1009 3487 1166 3563 Linnaci
1196 3499 1320 3564 secuta

271 3604 532 3706 -nexemplum
565 3602 739 3696 adhibui,
788 3603 906 3679 invita
932 3623 1064 3682 natura
1089 3635 1110 3682 a
1138 3609 1237 3683 notis
1266 3599 1321 3678 isti

271 3725 503 3804 adesum«
563 3721 764 3800 Caeterum
792 3750 882 3801 vero
916 3743 1052 3802 auctor.
1073 3727 1322 3802 Ichneumone

284 3849 379 3923 duos
395 3858 545 3944 apteros
572 3847 676 3944 (840
691 3861 731 3921 et
743 3847 847 3944 841)
875 3846 944 3920 sub
957 3873 1094 3948 genere
1108 3846 1322 3921 Mutillarun

282 3967 436 4070 quidem
448 3963 667 4067 descripsit,
693 3967 1034 4042 confiteturautenr
1055 3967 1153 4069 ipse,
1181 3965 1248 4039 has
1263 3977 1322 4060 spe

284 4087 362 4170 cies
382 4083 480 4161 nibil
494 4083 599 4162 aliud
611 4109 693 4163 esse
705 4111 819 4188 quarn
832 4083 1228 4164 lchneunroues'vcms
1240 4089 1321 4182 apte
