2674 4816
380 361 482 416 rsus.
510 347 543 428 t,
572 363 686 417 seer.
711 328 795 416 'stru
1043 349 1119 424 tut

73 519 165 612 mim
188 525 321 630 pulpis,
334 525 549 632 orbitiaque
560 527 772 620 oculorum,
800 526 989 608 intertium
1004 527 1119 608 etiam

71 639 182 733 labeo,
207 646 314 726 albis.
366 651 574 730 Antennue
592 649 725 727 subtus
741 647 913 726 articulis
932 657 1042 732 1-s
1057 651 1120 732 vel

71 759 192 864 nigris,
217 767 315 848 velt
339 767 486 858 albida,
512 777 539 848 2
560 784 600 846 ct
614 779 639 850 8
654 771 786 846 subtus
804 771 896 846 rufis
910 785 977 846 aut
998 769 1120 848 ferru-

69 880 300 982 gineoiuscis,
334 889 580 991 sequentibus
599 888 659 966 vel
683 889 775 966 ruiis
797 889 857 964 vel
884 889 1120 992 ferrugineo·

68 997 185 1082 luscis.
238 1006 408 1084 Thorax
427 1008 520 1084 colli
542 1008 710 1110 margine
725 992 880 1111 supero,
908 1009 1008 1086 linea
1030 1027 1120 1088 ante

69 1121 147 1216 alas,
172 1125 391 1231 lineolaque
403 1126 499 1204 infra
515 1128 604 1220 alas,
618 1130 845 1232 plerumque
861 1126 1004 1206 lineola
1020 1127 1119 1206 iufra

68 1245 273 1339 metellum,
306 1247 498 1328 rarissime
516 1263 643 1326 autem
664 1247 817 1352 punctis
838 1247 987 1328 duobus
1014 1247 1119 1361 dorsi

67 1363 193 1444 declivi
219 1365 507 1460 metetboracis,
548 1371 657 1449 albis.
731 1367 947 1448 Seutellnrn
976 1370 1117 1462 album,

66 1483 280 1592 plerumque
299 1487 379 1564 basi
395 1487 512 1590 nigra.
566 1492 671 1569 Aloe
691 1487 866 1591 stigmate
886 1503 927 1568 et
940 1489 1045 1565 radio
1060 1489 1121 1592 pi-

66 1605 135 1683 ceis
152 1623 219 1686 aut
238 1607 371 1710 nigris,
398 1607 527 1684 radice
542 1623 581 1686 et
601 1610 798 1710 aquamola
818 1608 881 1688 vel
902 1607 1039 1684 albidis
1059 1609 1121 1686 vel

64 1721 170 1804 fuscis
192 1743 338 1832 puncto
358 1728 485 1836 albo...
512 1727 636 1810 Pedes
653 1727 758 1804 coxis
774 1727 926 1818 enticis,
952 1726 1123 1832 plerum·

65 1847 256 1944 quaetiam
268 1847 414 1939 mediis,
442 1846 575 1924 subtus
591 1846 706 1936 albis;
733 1847 939 1924 femoribus
954 1849 1121 1924 anterio-

64 1962 156 2042 n'bus
171 1965 290 2072 nigris
305 1968 439 2044 subtus
452 1968 542 2044 rufis
560 1982 625 2042 aut
641 1965 977 2070 piceostrsmineis,
1000 1969 1122 2070 posti·

64 2081 111 2160 cis
130 2088 191 2165 vel
212 2087 305 2166 ruiis
327 2113 439 2190 supra
460 2101 526 2162 aut
544 2084 722 2190 geniculo
742 2083 878 2188 nigrisss
911 2085 973 2163 vel
1003 2087 1120 2189 nigris

63 2201 134 2282 basi
160 2205 394 2308 ferruginem
434 2205 541 2284 tibiis
568 2203 819 2282 anterioribus
847 2203 1119 2298 sortlideliavin

64 2339 208 2406 externe
237 2325 467 2432 plerumque
491 2323 809 2414 sucrescentibus,
843 2323 1000 2428 posticis
1028 2327 1119 2402 ruiis

63 2459 121 2522 aut
142 2445 368 2550 ferrugineis
383 2447 491 2548 apice
513 2445 641 2548 nigro;
666 2445 778 2522 tarsis
794 2443 927 2536 fuscis,
954 2445 1124 2522 anterio·

62 2563 157 2646 ribus
177 2571 312 2646 subtus
340 2563 635 2643 substramineis.
696 2563 899 2646 Abdumen
927 2581 1123 2670 segmento

62 2687 178 2786 primo
196 2689 325 2791 nigro,
352 2683 522 2788 margine
542 2687 630 2762 rulo
650 2699 717 2762 aut
735 2684 958 2778 stramineo;
990 2697 1015 2766 2
1035 2702 1074 2764 et
1094 2698 1121 2769 8

62 2809 162 2900 ruiis,
195 2817 221 2890 4
249 2806 354 2898 rulo,
388 2805 578 2884 interdum
604 2803 710 2882 disco
739 2806 866 2908 nigro3
899 2809 1011 2886 uvel
1037 2823 1121 2884 toto

61 2928 157 3020 rulo,
184 2928 249 3007 vel
271 2927 379 3030 nigro
394 2925 563 3028 margine
574 2939 641 3002 aut
652 2925 955 3013 lateribus'rufis3
984 2923 1119 3015 orato,

62 3040 242 3126 interdum
259 3046 373 3126 dorso
384 3047 503 3150 nigro,
520 3044 709 3122 interdum
724 3059 808 3122 toto
821 3045 949 3146 nigr03
962 3053 987 3124 7
1000 3046 1120 3148 nigro.

129 3169 255 3246 Unum
271 3195 410 3245 marem
426 3169 508 3270 ipse
522 3164 608 3268 cepi
623 3188 743 3268 prope
756 3166 974 3267 Pepelwitz,
992 3189 1122 3242 mense

62 3281 187 3378 Junio,
224 3289 268 3366 in
294 3285 462 3377 frutetis,
493 3311 657 3388 eumque
684 3281 883 3378 majorem,
918 3285 1121 3386 segmentis

61 3411 158 3485 2-ll
187 3409 281 3486 totis
308 3409 416 3498 rufis,
450 3405 623 3486 antennis
648 3405 780 3492 subtus
799 3403 890 3480 rufis
911 3401 1074 3480 articulo
1100 3413 1119 3486 1

64 3523 162 3617 albo,
202 3527 446 3615 distinctuma
484 3541 562 3603 tres
591 3523 675 3615 alii,
716 3549 854 3626 nempe
888 3532 1124 3616 unstriucus,

60 3655 255 3741 genuensis
274 3663 315 3726 et
325 3645 650 3752 pedemontanae,
674 3641 771 3718 mihi
791 3643 1001 3722 transmissi
1022 3656 1121 3722 sunt.

334 3869 606 3950 varietates
634 3863 855 3970 leminacs

137 4014 171 4084 1.
198 4009 326 4106 Coxis
345 4002 605 4088 unctioribus
625 3999 726 4082 olbis
744 4001 900 4084 macuta
912 4001 1048 4108 susce.

129 4139 218 4197 naa.
239 4141 350 4215 amp.
368 4141 438 4198 ru·
460 4141 486 4196 1.
801 4131 854 4204 82
