2698 4810
253 297 331 370 856
653 311 925 366 suessanus

252 503 337 582 gro,
364 492 508 583 puncto
533 477 623 554 elbo
650 477 800 555 seilicet
825 477 992 569 miuut03
1027 475 1069 556 in
1085 493 1200 560 'mure
1229 481 1316 560 solis

251 608 278 677 6
299 615 338 675 et
356 607 380 677 7
399 600 513 674 dorso
533 597 642 673 albis.

330 717 529 794 Indiuidua
544 719 655 821 plura
666 717 858 810 feminina,
873 719 913 794 in
927 719 1070 797 Silesia
1085 731 1124 794 et
1137 722 1318 816 dustria,

252 865 322 916 nec
352 864 428 914 non
457 839 556 914 circs
580 840 828 940 (intingam,
852 841 1000 918 Halam
1022 840 1255 936 Saxonum,
1281 846 1318 922 in

254 961 297 1039 V
294 960 455 1064 olhynia
477 961 688 1038 et'Tauria
707 956 835 1062 capta,
862 986 1011 1036 mecum
1041 963 1316 1040 communicata

252 1096 359 1170 sunt3
398 1107 540 1158 marem
580 1108 698 1157 unum
732 1109 758 1158 a
790 1080 958 1184 Spinala
989 1105 1111 1184 prope
1142 1081 1317 1166 Genuam

251 1199 368 1304 cepit.

327 1449 363 1522 4.
392 1442 567 1521 Scutello
581 1443 684 1545 ruso.
704 1439 731 1517 f.
759 1481 812 1500 -·
837 1439 1059 1540 Langitudo
1075 1447 1100 1520 4
1114 1440 1306 1524 linearum.

249 1567 453 1644 Antennue
478 1561 647 1637 articulis
668 1569 809 1639 8-13
838 1561 1046 1638 alboflavis.
1098 1561 1311 1642 Scuteilum

247 1687 359 1788 apice
378 1700 444 1759 aut
455 1698 587 1760 centro
602 1681 907 1758 castaneo-rusa.
960 1683 1064 1758 Alae
1077 1680 1315 1790 fumutohyu·

249 1806 367 1896 linae,
409 1806 582 1906 stigmate
621 1802 897 1892 dilutearoceo,
937 1800 1043 1877 radio
1083 1801 1313 1906 ferrugineo,

248 1926 375 2003 radice
396 1925 516 2013 fusca,
545 1923 741 2024 squamuln
773 1922 897 2025 nigra,
924 1921 1050 1998 areola
1077 1922 1315 2026 quinquean-

248 2047 381 2148 gulari.
438 2043 560 2121 Pedes
572 2043 778 2118 femoribus
797 2041 932 2116 enticis
955 2043 1085 2119 subtus
1106 2058 1171 2118 eut
1194 2045 1312 2146 spice,

247 2167 381 2242 mediis
414 2166 522 2266 apice
557 2165 658 2251 sola,
699 2165 810 2251 ruiis3
850 2161 960 2237 tarsis
993 2161 1177 2266 tibiisque
1211 2169 1313 2256 rufis,

248 2286 380 2362 hurum
401 2285 557 2388 posticis
581 2283 770 2358 interdum
799 2281 908 2386 apice
936 2283 1056 2384 nigro.
1110 2283 1314 2364 Abdamen

249 2406 451 2507 segmentis
476 2415 588 2484 1-8
610 2405 720 2492 totis,
750 2410 773 2482 4
794 2405 833 2478 in
854 2403 1001 2505 angulis
1027 2405 1178 2494 baseos,
1207 2409 1314 2496 rufis,

249 2534 273 2603 6
294 2541 333 2601 et
352 2535 376 2603 7
401 2528 544 2601 macula
567 2526 707 2600 dorsuli
729 2526 924 2600 albossava.

326 2649 415 2721 Duo
436 2647 629 2721 individua
655 2647 740 2747 cepi
764 2645 953 2722 mensibus
973 2647 1143 2746 Augusto
1163 2660 1204 2721 et
1222 2647 1316 2748 Sep-

246 2768 383 2842 tembri
406 2767 444 2842 in
466 2768 627 2845 Sudetis
646 2769 820 2844 Silesiae.

298 3011 333 3088 5.
363 3009 537 3086 Scutella
559 3010 653 3109 sere
673 3023 755 3083 toto
785 3014 919 3108 nigro,
941 3003 1165 3110 semoribus
1193 3013 1318 3082 omni-

247 3129 316 3207 bus
330 3127 437 3226 rufis.
456 3158 504 3204 m.
521 3171 571 3186 --
584 3128 806 3228 Langitudo
822 3129 899 3205 sere
916 3134 939 3206 4
955 3129 1152 3203 linearum.
1184 3132 1317 3230 Caput

245 3268 434 3328 antennae
461 3250 610 3326 thorax
632 3264 712 3324 tota
742 3249 857 3350 nigra.
912 3250 1129 3326 scutellum
1152 3249 1317 3350 nigrum,

244 3388 388 3472 puncto
403 3371 540 3471 epicsli
563 3370 711 3444 minuto
732 3370 871 3445 albido.
925 3372 1029 3448 Alae
1042 3368 1320 3471 sumatohyuli-

245 3519 325 3578 nae,
355 3494 528 3592 stigmate
544 3490 902 3592 stramineo-piceo,
925 3490 1030 3564 radio
1044 3489 1165 3579 fusco,
1188 3489 1318 3564 radice

244 3611 370 3712 picea,
412 3612 607 3714 squuniula
641 3609 762 3712 nigra,
796 3612 921 3687 areola
955 3611 1315 3713 quinqueanguluri.

121 3725 126 3735 ’
243 3729 367 3807 Pedes
392 3731 495 3805 coxis
530 3746 568 3806 et
596 3730 899 3806 trochsnteribus
934 3731 1068 3833 nigriss
1102 3729 1317 3806 femoribus

242 3850 425 3953 tibiisque
445 3852 552 3939 rufis,
581 3851 739 3953 posticis
761 3853 868 3952 spice
889 3850 1021 3953 nigris3
1048 3849 1160 3924 tarsis
1184 3849 1317 3934 fuscis,

241 3969 378 4046 mediis
400 3969 561 4044 articulo
582 3974 748 4047 secundo
769 3971 957 4048 exalbido.
1012 3969 1216 4050 Abdomen
1231 3995 1322 4069 seg·

238 4103 371 4166 mento
402 4099 421 4169 1
451 4089 554 4182 rufo,
581 4093 728 4198 petiole
755 4092 881 4197 nigs03
906 4101 934 4171 2
962 4105 1002 4170 et
1027 4102 1053 4172 3
1081 4093 1177 4170 totis
1203 4088 1320 4176 rufin
