2698 4802
236 320 311 396 142
581 357 586 366 ·
634 333 905 388 rennuunon

649 498 882 577 Varietas:

317 619 376 700 1.?
414 618 530 695 Facie
563 615 634 695 sub
666 619 840 695 antennis
875 619 999 722 nigra;
1031 619 1175 698 vertice
1209 619 1305 696 sub-

235 740 487 821 transversali.
519 781 574 796 -
604 737 826 839 Longitudo
859 740 1105 818 llinearum.
1168 744 1305 844 Caput

233 866 431 967 aliquanto
441 859 553 936 latius
574 874 632 936 est
646 887 758 961 quarn
773 859 813 934 in
828 860 955 962 specie
969 859 1140 961 genuina.
1195 863 1306 938 Tho-

236 1013 317 1066 rax
341 982 431 1058 colli
461 979 660 1066 lateribus,
688 996 831 1080 puncto
861 995 948 1056 ante
976 980 1072 1070 alas,
1099 981 1302 1085 alteroque

235 1107 331 1186 infra
347 1106 437 1192 alas,
464 1100 573 1174 albis.
628 1098 751 1177 Pedes
765 1099 869 1174 coxis
884 1099 1017 1175 anticis
1036 1100 1151 1203 nigris
1165 1102 1296 1176 subtus

233 1228 349 1315 albis,
381 1221 515 1298 mediis
549 1218 657 1320 apice
690 1219 798 1295 albis.
865 1219 1068 1298 Abdomen
1102 1237 1295 1322 segmento

235 1348 360 1452 primo
385 1342 510 1418 minus
540 1363 674 1441 aspero
694 1339 895 1441 minusque
918 1364 1088 1417 convexo
1115 1367 1228 1445 quarn
1256 1345 1299 1418 in

226 1465 364 1570 specie
384 1460 562 1566 genuina,
591 1462 754 1560 septimo
775 1459 882 1562 apice
901 1461 1041 1538 albido.

305 1587 386 1659 lloc
402 1582 553 1658 unicum
569 1578 814 1669 individuum,
832 1581 930 1654 notis
946 1581 1120 1683 pluribus
1134 1607 1154 1655 a
1170 1579 1301 1682 speeie

235 1705 398 1809 genuina
419 1700 632 1786 discedens,
661 1699 824 1801 indeque
844 1700 971 1775 forsan
991 1725 1062 1803 pro
1083 1702 1212 1803 specie
1233 1729 1298 1804 pe·

236 1823 371 1901 culiari
402 1820 686 1912 declarandum,
727 1820 777 1898 ob
811 1817 1010 1897 Ueehtritz
1042 1847 1161 1925 prope
1194 1823 1301 1900 Lan·

232 1969 360 2048 genua
374 1941 488 2046 cepit.

549 2223 602 2284 20.
646 2211 673 2277 I.
695 2209 911 2276 SPINlGER.
956 2233 990 2275 n.

438 2379 536 2544 Cloxis
557 2379 697 2469 posticis
719 2378 906 2464 calcaratis5
933 2391 1151 2448 antennarum
1172 2382 1304 2452 annulo

437 2483 525 2548 ab0.
567 2479 591 2546 s.

312 2657 481 2733 Statura
498 2669 537 2730 et
552 2652 751 2756 proportio
766 2654 931 2757 partium
945 2655 1218 2733 Ichneumonis
1238 2683 1309 2733 un·

237 2783 452 2863 nulntoris3
478 2779 543 2852 sed
572 2777 675 2850 coxis
705 2775 863 2876 posticis
891 2777 1087 2852 calcaratis
1109 2775 1246 2852 differt
1268 2793 1308 2854 et

234 2900 351 3002 magis
372 2925 458 2972 curn
481 2899 608 2999 specie
630 2911 811 2998 sequente
831 2897 1024 2998 congruit,
1054 2921 1151 2999 quae
1171 2912 1308 2973 autern

233 3020 363 3096 colore
383 3031 422 3092 et
439 3032 580 3093 statura
600 3031 681 3092 tota
701 3015 902 3118 graciliore
922 3015 1093 3092 discedit.

224 3183 232 3192 ·
310 3138 532 3239 Longitudo
555 3141 619 3234 572
645 3137 841 3214 linearum.
894 3138 1099 3214 Antennae
1125 3133 1306 3214 articulis

237 3265 400 3338 10-14
420 3260 527 3335 albis.
580 3254 1034 3357 Aleelumatohyalinae3
1063 3257 1243 3357 stigmate
1266 3273 1310 3336 et

227 3377 340 3453 radio
356 3377 488 3467 luscis,
516 3379 643 3452 radice
657 3378 782 3477 picea,
811 3380 1005 3477 squamula
1021 3379 1142 3480 nigra,
1170 3378 1307 3453 areola

235 3495 587 3599 quinqueangulnri.
641 3495 764 3572 Pedes
785 3497 899 3572 antici
925 3499 1030 3573 tibiis
1053 3496 1163 3572 tarsis
1183 3512 1226 3572 et
1248 3497 1310 3574 fe-

233 3639 382 3691 morum
416 3615 524 3717 apice
561 3615 797 3718 ferrugineis.
862 3616 1065 3696 Addomen
1106 3615 1310 3694 subtiliter

234 3751 437 3839 punctum
465 3750 657 3838 segmento
685 3737 851 3813 secundo
879 3763 1026 3813 summo
1047 3737 1215 3837 margine
1239 3765 1310 3814 ru·

233 3858 422 3945 sescente,
451 3857 612 3958 septimo
635 3857 802 3957 margine
823 3856 889 3931 rul
914 3913 922 3930 .

220 4019 225 4028 ·
313 3979 404 4052 Duo
428 3975 620 4052 individua
645 3977 803 4054 Richter
823 3994 863 4052 et
882 3978 1054 4079 Munger
1073 3977 1113 4052 in
1134 3973 1312 4078 regioni·

234 4096 305 4173 bus
325 4096 524 4174 altioribus
544 4097 709 4177 Silesiae
728 4112 924 4202 ceperunt.
