2698 4802
207 326 257 400 88
487 341 535 390 rx.
565 336 732 388 esurus
762 333 995 388 coruscus.

209 521 271 582 tus
291 503 539 594 exsiccatum,
572 500 681 578 nullo
703 498 818 578 modo
838 525 971 578 eruere
991 497 1152 601 poteris,
1185 527 1280 576 num
1340 547 1341 586 1

212 625 262 702 sit
275 649 352 702 mus
367 651 454 700 oum
470 620 620 712 semina,
635 621 707 697 nisi
722 621 907 698 insectum
923 615 1101 718 subjicias
1117 618 1280 696 sectioni

212 744 462 833 anatomicae,
496 759 562 819 aut
587 741 714 817 forsan
734 727 831 816 aliae
856 754 968 814 notue
987 754 1181 830 externae,
1215 767 1283 816 ex·

211 863 398 967 perientia
418 864 531 966 longa
552 862 810 951 confirmatae,
837 859 884 934 de
907 885 997 934 sexu
1017 873 1056 934 te
1078 859 1282 936 certiorem

212 983 364 1061 fuciunt.
425 985 524 1060 Huic
553 980 813 1058 incertitudini
834 994 960 1055 autem
982 979 1204 1056 nonsolum
1226 979 1285 1056 iu·

212 1103 365 1182 dividua
381 1102 527 1206 singula
542 1118 609 1178 aut
624 1104 769 1205 species
789 1101 959 1202 singulae
974 1099 1162 1176 obnoxiae
1181 1114 1281 1190 sunt,

214 1223 460 1322 (conferetur
486 1222 721 1324 Mesoleptus
754 1221 913 1322 Typhue
942 1221 1062 1320 etc),
1109 1218 1175 1294 sed
1201 1233 1281 1294 tou

215 1369 372 1446 genera:
406 1344 488 1444 Ego
514 1341 647 1416 saltem
674 1342 720 1416 de
740 1340 848 1416 nullo
867 1341 1059 1444 Metopio,
1092 1353 1284 1441 quotquot

216 1489 348 1540 eorum
363 1489 487 1540 corum
501 1460 628 1552 hebui,
651 1459 880 1538 certitudine
893 1463 1052 1564 quedem
1068 1458 1282 1536 discernere

154 1667 160 1686 ἱ
214 1584 403 1672 auderem,
432 1611 522 1658 num
542 1582 591 1656 sit
611 1607 689 1656 mus
704 1609 794 1656 num
807 1579 964 1668 lemina3
992 1580 1168 1656 omnibus
1182 1579 1289 1654 enim

217 1703 308 1805 styli
335 1704 411 1778 duo
437 1702 563 1808 exigui
587 1729 633 1777 ex
662 1700 769 1802 apice
799 1701 981 1800 segmenti
1010 1700 1137 1776 ultimi
1163 1699 1290 1778 exerti

217 1838 342 1912 crunt,
370 1823 468 1897 nulli
486 1837 611 1896 autem
627 1821 771 1922 aliquid
792 1821 925 1895 oculeo
942 1821 1067 1896 simile
1086 1819 1291 1918 (conseres

217 1970 315 2048 quae
334 1944 380 2018 de
394 1943 452 2017 his
474 1942 521 2015 sd
536 1967 652 2042 genus
669 1940 927 2042 Metopiorum
948 1941 1065 2040 dixi).
1120 1939 1194 2016 Sed
1209 1940 1291 2042 jum

217 2065 503 2168 progrediamur
516 2062 563 2136 ud
579 2077 704 2164 partes
719 2064 890 2137 sexuales
904 2063 1113 2148 distinctos,
1147 2077 1186 2136 et
1201 2063 1293 2162 qui·

218 2187 303 2258 dem
325 2183 447 2284 primo
467 2183 510 2255 ad
536 2198 670 2284 partes
695 2185 898 2259 masculus.
953 2183 1031 2257 Hae
1046 2182 1291 2284 plerumque,

218 2329 252 2382 v.
268 2329 299 2378 c.
315 2302 357 2376 iu
368 2301 541 2376 omnibus
557 2300 886 2389 Ichneumouibus‚
909 2301 1088 2376 conulum
1104 2300 1293 2378 exhibent

218 2421 382 2508 brevem,
406 2420 468 2492 vix
483 2437 684 2509 exsertum,
699 2421 877 2496 obtusum
891 2419 1291 2520 compressiusculum,

220 2567 241 2616 e
257 2538 417 2614 valvulis
432 2539 575 2616 duabus
587 2539 841 2641 compositum
858 2539 1111 2629 verticalibus,
1132 2555 1293 2622 externe

220 2658 533 2750 convexiusculis,
554 2661 594 2738 in
606 2661 843 2736 concavitate
855 2659 1000 2736 interna
1014 2685 1150 2762 penem
1165 2659 1243 2734 incl
1250 2689 1294 2736 u-

220 2778 412 2867 dentibus,
429 2781 558 2870 rarius,
576 2808 608 2856 e.
626 2807 661 2881 g.
680 2781 719 2855 in
732 2779 889 2856 Exocho
903 2778 1096 2866 frenatori,
1112 2779 1293 2858 valvuluc

221 2900 315 2978 istae
336 2899 662 3001 senricylindricue
686 2916 783 2977 sunt.
837 2901 1031 2976 Interdum
1050 2913 1175 2974 autem
1195 2900 1293 2999 styli

221 3021 298 3098 duo
319 3020 509 3121 longiores
524 3022 752 3124 prominent,
779 3020 841 3096 vel
862 3021 967 3108 recti,
996 3045 1028 3094 e.
1052 3045 1086 3119 g.
1108 3018 1146 3092 in
1161 3019 1295 3095 Meso-

219 3141 364 3232 choris,
393 3140 454 3216 vel
475 3142 741 3242 sublorcipati,
776 3167 810 3216 v.
836 3165 868 3214 c.
891 3138 931 3212 in
952 3136 1158 3237 Tryphone
1178 3139 1296 3214 velli-

220 3277 342 3336 cante.
397 3262 441 3334 In
464 3261 627 3338 Paniscis
648 3262 718 3338 hee
739 3277 864 3365 partes
881 3257 1068 3334 interdum
1084 3258 1153 3332 sub
1166 3257 1295 3336 formu

219 3378 532 3478 corpusculorum
561 3380 957 3456 subhamulilormium
987 3392 1157 3453 exsertae
1186 3395 1291 3457 sunt.

219 3495 388 3574 Xoridae
403 3493 538 3570 nitenti
553 3496 661 3596 penis
679 3513 736 3574 est
749 3499 904 3574 linearis
919 3497 1119 3598 depressus
1133 3496 1297 3598 diaphe·

220 3644 309 3706 uus,
336 3615 437 3690 linea
457 3614 580 3690 media
604 3614 871 3717 longitudinali
891 3616 1110 3693 obscuriore
1138 3618 1295 3714 (canali

219 3762 291 3842 pro
309 3733 526 3812 excretione
550 3734 773 3837 seminis?)‚
802 3737 901 3814 intre
924 3737 1091 3814 valvulas
1109 3738 1202 3814 dues
1224 3765 1298 3815 ex-

220 3873 336 3934 sertus
359 3854 751 3932 lineari-lanceolatas
773 3856 958 3946 inclusus;
987 3883 1100 3957 supro
1120 3857 1187 3934 hus
1209 3861 1298 3934 val-

217 3976 325 4054 vulss
344 3989 537 4081 praeterea
561 3976 637 4052 duo
651 3975 742 4076 styli
757 3976 971 4056 brevissimi
984 3977 1184 4079 cylindrici
1199 3978 1298 4052 sub-

217 4093 384 4202 porrecti
415 4110 515 4174 sunt.
570 4097 763 4176 Structurs
795 4114 835 4177 et
866 4097 987 4174 formu
1020 4096 1138 4174 simili
1177 4097 1297 4201 penis
