2662 4810
386 369 489 424 raas.
517 351 697 436 1,sacr.
727 371 762 424 v.
1035 350 1116 432 275

260 533 398 734 quebns
430 549 559 613 antem
589 533 714 612 mulso
736 535 862 615 minus
885 537 1118 644 respondete

259 657 296 734 ui
346 669 423 734 tur.

50 779 157 860 iebrs.
179 775 386 858 Scbseffiesi
406 777 511 852 lcon
532 775 609 854 tab.
628 781 697 868 61,
722 776 786 880 fig.
804 781 847 866 4,
874 803 989 882 quem
1009 779 1115 856 Mul.

258 897 327 990 lec,
343 895 385 972 in
398 895 527 974 Prodr.
545 911 586 975 et
598 895 778 986 Sobrank,
792 894 833 972 in
846 895 977 974 Fauna
987 899 1114 990 Boica,

258 1019 307 1096 ad
327 1018 436 1097 reta.
452 1023 736 1106 extensorium,
761 1017 904 1093 Panaer
923 1032 1048 1095 autern
1068 1019 1115 1096 ad

257 1139 367 1220 chss.
381 1145 656 1230 territorium,
679 1135 950 1228 adhibuerunt,
977 1139 1114 1216 melius

260 1259 307 1336 ad
341 1273 513 1336 nostrum
545 1259 655 1338 Iclsn.
685 1263 956 1364 extensorium.
974 1283 1117 1336 maren

262 1379 480 1484 quadraret,
515 1377 547 1455 si
575 1391 766 1483 segmenta
793 1393 957 1482 quatuor
982 1377 1118 1456 ultima

257 1499 359 1576 baud
386 1499 700 1602 albomarginata,
733 1497 800 1575 sed
826 1497 1117 1591 albomaculata,

262 1635 407 1710 esseot;
433 1619 563 1724 potius
583 1618 631 1695 ad
644 1619 936 1698 nostrumIchn.
953 1621 1119 1701 reduto-

263 1748 364 1820 rium
392 1739 625 1832 adhibendus
657 1765 739 1816 esse
766 1738 927 1820 videtur.
981 1741 1119 1818 Errant

262 1875 390 1938 autem
424 1859 662 1952 Gmelinet
701 1855 868 1953 Olivier,
909 1859 976 1965 qui
1015 1861 1119 1938 bunc

265 1980 472 2058 Sebaefferi
511 1977 809 2057 Ichneumonem
842 1979 891 2055 ad
921 1995 1122 2060 saturato-

265 2108 367 2180 rr'um
393 2102 525 2178 citant.

77 2215 191 2320 Spita
209 2225 417 2303 annularis
434 2219 536 2298 Poda
555 2213 609 2293 Μ.
627 2242 750 2322 graec.
773 2243 812 2324 p.
832 2225 918 2314 107,
945 2249 982 2300 ss.
999 2226 1024 2306 4
1043 2219 1123 2302 for-

266 2369 335 2428 asu
354 2341 430 2422 buc
451 2337 632 2447 pertinet.

310 2566 447 2646 Nota:

131 2701 164 2778 E
198 2701 458 2806 descriptione
489 2699 591 2778 edita
630 2699 746 2803 buius
787 2699 931 2806 speciei
963 2700 1125 2807 ejusque

63 2821 301 2912 varietatum,
328 2819 515 2925 imprimis
532 2819 769 2913 feminarum,
794 2837 972 2926 apparet,
999 2824 1127 2926 pictu-

61 2967 117 3018 ras
137 2967 268 3020 earum
288 2942 376 3018 satis
396 2941 598 3020 variabiles
620 2965 721 3032 esse3
749 2943 815 3023 sed
845 2945 962 3022 etiam
983 2955 1126 3027 statura

61 3078 96 3140 et
108 3062 310 3166 proportio
324 3060 487 3166 partium
503 3063 544 3140 in
559 3062 765 3146 individuis
781 3061 976 3140 nonnullis
991 3059 1126 3137 variat:

64 3183 256 3280 Quaedam
282 3183 500 3276 individua,
531 3209 619 3260 cum
646 3182 788 3288 speciei
815 3181 1017 3287 genuinae,
1044 3195 1128 3258 tum

17 3362 20 3373 .
64 3304 254 3382 varietatis
281 3319 453 3407 quartae,
488 3329 509 3380 a
540 3301 702 3406 reliquis
737 3315 880 3380 statura
911 3301 1130 3406 angustiore

18 3479 26 3530 ,-
67 3421 262 3513 disemum
296 3423 370 3500 alia
397 3421 610 3501 abdominis
640 3423 750 3526 apice
774 3422 1008 3526 angustiore3
1040 3439 1129 3504 suut

68 3543 173 3622 stiam
206 3570 307 3648 quae
340 3543 540 3622 abdomine
571 3544 687 3648 paulo
719 3543 895 3622 breviore
921 3571 942 3620 a
968 3545 1129 3650 reliquit

22 3752 28 3770 ¹
69 3663 290 3768 discrepant.
344 3664 517 3742 Varietas
548 3665 730 3754 secunda,
758 3689 827 3740 nec
847 3687 924 3742 non
944 3666 1129 3769 quaedam

23 3820 35 3900 p
74 3783 258 3864 individua
274 3781 469 3862 varietatis
484 3785 651 3888 quintae,
677 3783 851 3862 antennis
865 3785 1129 3890 gracilioribus

22 3942 40 4012 ,a
77 3901 367 4007 distinguunturs
394 3921 527 3985 contra
541 3921 678 3994 autem,
706 3905 878 3984 antennis
892 3906 1130 3987 brevioribus

22 4045 27 4138 t
68 4047 103 4110 et
115 4025 366 4106 crassioribus
381 4027 565 4107 nonnulla
578 4023 720 4130 speciei
739 4026 924 4129 genuinae
938 4025 1133 4110 individus

24 4139 26 4148 ’
66 4147 273 4257 conspicua
302 4161 402 4240 sunt.
457 4147 531 4226 Sed
554 4169 685 4262 omnes
710 4145 781 4228 bse
805 4145 1044 4234 diffamatae
1069 4143 1133 4228 vsl

788 4268 863 4347 18*
