2698 4810
230 303 309 376 282
620 315 894 370 rouusuuou

230 507 393 585 rumque
413 480 521 585 apice
542 479 646 572 rufo,
680 483 815 560 mediis
838 481 1029 562 interdum
1048 483 1158 589 apice
1180 486 1315 591 nigro,

229 602 388 707 posticis
422 604 531 706 apice
572 604 681 704 nigro
714 603 794 679 basi
834 601 1027 679 interdum
1066 605 1313 710 ferruginem

229 724 340 799 tarsis
374 723 466 798 rufis
506 737 573 797 aut
612 722 853 825 ferrugineis,
882 723 1041 825 posticis
1074 727 1315 833 plerumque

230 844 340 946 apice
365 843 757 947 articulorumnigro.
817 843 1022 925 Abdomen
1052 849 1261 948 segmentis
1285 861 1314 930 2

233 981 273 1042 et
293 976 317 1046 3
338 964 463 1051 flavis3
490 967 533 1053 ,5,
561 971 585 1042 6
605 977 644 1040 et
667 973 691 1044 7
713 979 857 1066 puncto
879 965 1023 1042 dorsali
1044 967 1154 1057 flavo.

297 1088 422 1162 Unum
436 1084 675 1159 individuum
689 1085 774 1188 cepi
790 1113 920 1163 mense
935 1086 1050 1163 Junio
1064 1113 1186 1190 prope
1200 1088 1312 1166 Bar-

229 1205 407 1284 terodum
433 1205 472 1279 in
497 1204 732 1295 umbellatis3
773 1207 955 1310 quaedam
984 1205 1059 1284 alia
1093 1236 1118 1308 e
1152 1210 1305 1289 Silesiu

225 1327 366 1406 Gallia
386 1341 428 1402 et
446 1329 572 1406 ltalia
591 1353 742 1406 mecum
760 1328 1040 1406 communicata
1066 1341 1167 1406 sunt.

618 1548 906 1653 synonyma:

228 1684 337 1766 chn.
357 1693 659 1772 stramensarius
681 1687 874 1780 Gravenb.
898 1689 1136 1781 rademons,
1171 1717 1211 1766 ιι.
1234 1699 1297 1771 52

478 1909 612 1986 Nota:

304 2052 365 2127 De
379 2046 566 2124 affinitate
581 2045 696 2149 hujus
710 2047 852 2151 speciei
869 2074 955 2125 eum
972 2047 1195 2152 quibusdam
1213 2049 1304 2126 aliis

222 2169 395 2248 conferas
417 2184 546 2245 notam
565 2168 612 2244 ad
633 2168 745 2247 lehn.
763 2171 1087 2270 groeificornem,
1113 2197 1150 2246 n.
1178 2179 1246 2251 98.

487 2479 543 2550 94.
586 2472 614 2541 1.
636 2472 1030 2541 TERMINATORIUS.

423 2643 649 2734 segmentis2
671 2655 743 2719 ets
765 2642 1055 2726 flavosbamineis,
1079 2641 1224 2710 incisura
1236 2647 1300 2714 ni-

422 2766 499 2834 gra3
521 2744 613 2813 tibiis
635 2744 909 2814 flavostramineis
931 2748 1024 2838 apice
1045 2745 1206 2830 obscur03
1232 2771 1300 2813 an-

423 2846 505 2913 nulo
527 2858 745 2915 antennarum
761 2845 850 2916 albo.
893 2845 919 2918 f.

297 3022 471 3102 Statura
494 3033 534 3098 et
555 3023 756 3124 proportio
775 3020 941 3127 partium
961 3018 1117 3099 omnino
1130 3017 1302 3100 Ichneu-

218 3154 343 3226 monis
371 3145 597 3244 confusorii.

222 3313 225 3322 ·
295 3263 520 3366 longitudo
548 3265 702 3355 6-672
736 3263 937 3342 linearum.
1000 3266 1132 3364 Caput
1162 3261 1295 3364 palpis

217 3387 446 3490 plerumque
463 3382 571 3486 apice
591 3382 827 3483 ferrugineis,
855 3381 1084 3459 mandibulis
1097 3382 1295 3460 interdum

214 3507 326 3595 rufis,
352 3506 487 3583 orbitis
510 3503 711 3582 oculorum
732 3503 958 3580 frontalibus
979 3501 1208 3605 ferrugineis
1224 3519 1296 3579 aut

215 3624 478 3704 flavicantibus
493 3622 739 3705 tenuissimis.
791 3625 997 3703 Antennae
1017 3622 1190 3699 articulis
1211 3633 1295 3703 9-

217 3757 277 3837 16,
299 3747 359 3824 vel
373 3773 504 3823 eorum
519 3746 708 3850 plurimis,
731 3743 881 3821 sordide
896 3743 1004 3832 albis,
1020 3743 1151 3818 subtus
1164 3740 1294 3820 ferru-

211 3867 344 3972 gineis.
379 3868 596 3945 scutellum
612 3864 968 3944 flavostramineum.
1004 3863 1291 3942 Aloesilaceo-

209 3989 404 4092 hyalinae‚
438 3986 613 4090 stigmate
631 4003 672 4065 et
690 3988 797 4066 radio
818 3986 941 4062 dilute
961 3983 1126 4074 croceis,
1155 3983 1288 4062 radice

209 4110 429 4220 straminea.
464 4109 661 4215 aquamola
688 4105 784 4188 rufa.
837 4104 961 4188 Pedes
986 4103 1196 4184 feruoribus
1218 4131 1291 4184 an·
