2726 4810
427 327 567 380 nnrro
594 329 738 382 cirin.
1065 313 1117 392 Μ

60 485 238 584 ridentia,
267 485 407 570 numne
431 492 600 572 riderem
629 521 678 572 an
703 495 962 601 et'qnonrodo
988 501 1114 578 escam

61 628 258 704 tumerent,
285 611 342 688 nil
362 627 490 692 autem
507 614 588 691 vidi
615 614 689 692 nisi
711 617 813 722 quod
841 615 935 697 haec
955 619 1114 698 animil-

54 736 141 827 cnla,
168 732 404 812 assiduitate
432 735 591 836 quadarn
619 750 658 812 et
683 737 894 840 cupiditate
918 739 1111 842 singulari,

47 857 168 956 pollen
184 881 261 930 ore
274 867 574 956 perscrutarent3
597 853 775 957 'auspicor
786 872 923 948 tameo,
940 857 1013 936 hoc
1026 860 1114 964 pol-

46 974 110 1064 len,
137 991 209 1052 aut
229 973 363 1076 potius
380 987 509 1050 nectar
531 975 680 1064 florum,
696 975 751 1051 eis
767 977 998 1054 nutrimento
1014 1005 1109 1058 enne.

45 1093 239 1170 Fabriciua
255 1116 427 1194 quoque,
455 1093 516 1191 (in
528 1093 745 1172 Generibua
760 1098 898 1172 Inseot.
913 1122 997 1200 pag.
1017 1101 1111 1200 114)

45 1215 139 1304 dicit,
160 1211 355 1314 imagines
369 1209 669 1290 ichneumonum
684 1213 827 1292 victum
841 1241 863 1292 e
877 1231 1030 1294 nectare
1041 1218 1112 1294 flo-
1175 1268 1179 1277 ·

47 1361 119 1410 rum
131 1332 309 1411 haurire.
361 1331 564 1436 Nunquam
579 1331 855 1412 ichneumones
875 1335 950 1412 aliu
966 1337 1110 1414 insecta

47 1471 101 1530 ant
122 1453 257 1532 larvae
277 1465 344 1528 cut
363 1475 515 1528 uranus
535 1465 608 1530 etc.
630 1455 812 1532 devorare
832 1471 899 1530 aut
920 1456 1109 1560 persequi,

48 1575 174 1650 nedum
201 1597 282 1651 eae·
299 1569 456 1674 agitare,
482 1570 581 1661 vidi,
608 1571 676 1648 red
696 1572 827 1676 potius
853 1599 1002 1680 comper
1023 1603 1111 1656 cunt

48 1693 123 1770 aliia
148 1691 332 1781 insectis,
360 1689 460 1766 haud
488 1716 572 1768 raro
597 1690 732 1794 viginti
753 1707 794 1770 et
821 1693 951 1796 plures
973 1696 1013 1774 in
1034 1721 1111 1776 uua

49 1813 251 1918 cademque
266 1809 452 1902 umbella,
478 1811 673 1888 socialiter
690 1827 732 1890 ct
740 1814 980 1916 pacatissime
994 1815 1109 1894 coha-

51 1929 176 2024 bitare3
201 1929 305 2010 mihi
328 1930 461 2034 itaque
481 1955 702 2034 pereuntum
721 1947 799 2021 eat,
826 1957 955 2010 omnen
976 1951 1108 2012 aucto·

56 2075 123 2140 tce,
145 2053 208 2156 qui
231 2065 407 2140 narrant,
433 2076 474 2128 ro
489 2049 766 2128 ichneumones
788 2052 862 2127 ulia
882 2053 1026 2130 insecta
1042 2055 1109 2132 de·

63 2193 175 2248 rorare
202 2172 367 2260 vidisse,
401 2168 501 2246 hand
535 2167 812 2250 Ichneumonea
846 2171 911 2247 aad
940 2171 1107 2275 Sphcgea

69 2301 143 2363 ante
152 2293 275 2368 oculos
291 2290 482 2367 habuisse.
536 2290 737 2392 Nunquam
753 2289 866 2368 ctiam
880 2289 1109 2370 Ichneun'to-

63 2433 134 2486 nem
145 2413 317 2490 mordere
331 2410 427 2498 vidi3
454 2409 486 2486 ai
503 2437 593 2488 vero
609 2410 771 2490 femineo
787 2411 928 2514 speciei
942 2412 1106 2512 alicujus

56 2527 165 2631 digitis
197 2529 511 2636 prehenduntur,
552 2532 677 2606 statim
712 2531 898 2608 abdomen
928 2531 1106 2614 donnum

52 2670 210 2744 curvant,
243 2650 435 2756 simulque
454 2651 602 2728 terebra
623 2679 645 2728 e
666 2651 817 2754 vaginia'
832 2679 873 2729 ae
895 2656 1035 2732 exserit
1054 2671 1105 2748 et,

50 2771 360 2850 commotionibus
378 2771 665 2848 vehementibus
686 2786 726 2848 et
745 2773 963 2850 acceleratis
977 2799 1105 2852 versuo

49 2891 195 2993 digitum
227 2889 394 2980 directa,
427 2915 596 2996 pungere
628 2891 812 2980 minatur,
846 2892 947 2994 quod
978 2907 1107 2973 tumen

46 3035 188 3112 perraro
210 3009 407 3087 succentu.
462 3013 561 3087 Cum
574 3035 664 3089 vero
683 3011 835 3087 terebra
848 3025 974 3088 cutem
988 3037 1107 3112 pcne-

45 3143 124 3222 trat,
156 3133 277 3210 dolor
301 3129 504 3222 excitatus,
541 3143 584 3206 nt
614 3130 849 3232 experientia
882 3155 945 3206 me
977 3129 1104 3232 iprum

44 3248 180 3343 docuit,
210 3261 348 3326 acutus
370 3249 613 3352 quidemst,
641 3249 706 3326 aed
720 3261 1024 3336 momentaneum
1049 3247 1108 3326 in-

43 3367 155 3474 deque
187 3394 415 3476 perunctum
446 3397 510 3448 rue
539 3368 680 3460 habeo,
723 3367 874 3446 nullum
907 3367 1106 3451 humorem

44 3511 155 3566 acrem
183 3513 258 3593 per
286 3491 474 3566 terebram
499 3489 540 3565 in
564 3489 702 3566 vulnus
732 3489 889 3568 effundi.
945 3491 982 3568 Si
1011 3490 1105 3573 bueo

44 3603 177 3686 insecta
192 3610 316 3686 larvas
338 3609 568 3712 investigant
587 3625 702 3712 utque
717 3609 1002 3714 aggrediuntur,
1029 3609 1105 3688 hoc

43 3725 79 3800 fit
103 3753 182 3805 non
210 3753 319 3806 etone
345 3755 473 3819 cunta,
506 3729 574 3807 aed
603 3730 651 3806 ad
674 3755 746 3808 ocu
762 3731 828 3808 *eia
863 3730 1101 3834 imponenda.

43 3845 134 3922 Vero
156 3847 273 3924 etiam
293 3849 336 3924 in
351 3847 536 3952 nymphae
558 3849 788 3928 insectorum
811 3851 911 3929 etin
929 3875 1001 3927 ova
1013 3837 1105 3929 'arn-

44 3987 208 4056 nearruu,
235 3993 303 4045 reu
332 3966 460 4044 forsan
479 3969 520 4044 in
540 3969 705 4046 eoactilc
727 3971 886 4048 dentum
906 3969 1104 4080 sericeum,

45 4105 112 4180 quo
133 4087 320 4190 quaedam
339 4108 496 4166 naneae
515 4113 589 4167 ova
612 4115 678 4168 anu
700 4089 912 4182 obducunt,
940 4087 1105 4172 Ichneu-
