2698 4802
231 297 284 374 96
608 311 748 364 narro
773 312 918 364 vrrun.

233 477 406 558 moniales
420 475 607 568 nonnulli,
627 504 663 555 v.
681 504 714 554 e.
729 476 876 580 Pimpla
891 475 1101 554 oculatoria
1116 491 1156 553 et
1167 479 1330 558 Hemi-

232 604 330 680 teles
345 600 535 702 palpator,
563 625 633 675 ova
648 613 812 700 ponunt,
839 601 965 678 larvae
979 599 1155 676 exclusae
1173 619 1329 680 autem

235 723 480 802 substantiam
503 719 687 792 internam
711 744 869 794 ovorum
898 745 1055 794 araneae
1080 721 1328 812 comedunt,

235 845 325 920 etin
348 843 432 942 ipso
454 863 612 912 araneae
632 838 722 914 nido
742 839 781 914 in
807 838 992 941 nymphas
1008 853 1048 914 et
1069 838 1222 913 insecta
1252 841 1329 918 de-

234 967 374 1040 clarata
393 967 683 1034 commutantur.
738 959 843 1034 Aliae
867 959 1030 1060 species,
1059 986 1093 1032 v.
1111 985 1143 1032 c.
1168 959 1327 1036 Hemi-

233 1085 329 1160 teles
344 1096 508 1167 areator,
537 1080 669 1152 domos
691 1078 832 1152 intrant
851 1095 906 1168 et,
935 1077 1065 1156 eadem
1083 1077 1324 1160 intentione

233 1220 277 1280 ut
302 1201 489 1301 reliquae,
517 1199 637 1273 larvas
666 1198 925 1274 Dermestium
947 1197 1241 1275 Authreuorum
1276 1217 1320 1278 et

233 1325 438 1398 Tinearum
462 1319 699 1419 investigant.
756 1319 934 1395 Feminae
963 1318 1097 1395 aculeo
1110 1319 1220 1396 brevi
1253 1322 1324 1397 in-

233 1458 416 1529 structae,
443 1441 572 1514 adora
588 1439 826 1540 deponenda,
856 1440 977 1514 larvas
995 1454 1182 1539 quaeruut
1198 1439 1321 1516 haud

234 1563 480 1647 absconditas,
499 1559 563 1634 sed
578 1559 699 1634 libere
716 1558 753 1632 iu
769 1558 871 1632 loliis
886 1573 958 1634 etc.
975 1558 1173 1658 degentem
1203 1585 1323 1661 quae

233 1701 360 1760 autem
386 1684 558 1755 aculeum
585 1680 741 1778 longum
768 1694 833 1752 aut
861 1677 1122 1778 longissimum
1146 1698 1320 1777 gerunt,

233 1807 353 1880 larvas
381 1801 609 1900 investigant
636 1800 789 1873 occulte
817 1799 984 1874 viventes
1012 1797 1051 1871 in
1072 1797 1203 1898 ligno,
1239 1804 1321 1879 sub

233 1927 392 2011 cortice,
418 1921 458 1997 in
486 1920 614 2021 gallis,
642 1918 682 1992 in
705 1918 802 1992 nidis
826 1935 897 1994 eto.
950 1919 1030 1993 Hae
1056 1917 1252 2010 feminae,
1286 1923 1322 1998 si

232 2049 400 2123 canalem
427 2057 492 2116 aut
517 2042 666 2126 rimam,
703 2038 854 2114 aliudve
889 2065 1039 2126 cavum,
1075 2037 1139 2112 ubi
1170 2039 1325 2120 larvae

233 2164 475 2244 absconditae
487 2187 570 2236 esse
584 2174 754 2260 possent,
784 2157 1025 2246 invenerunt,
1054 2157 1223 2258 pedibus
1243 2191 1325 2240 an.

230 2284 434 2362 terioribus
474 2305 586 2379 supra
628 2278 796 2350 foramen
831 2303 870 2352 se
905 2279 1115 2366 collocant,
1155 2304 1322 2384 corpus

233 2432 346 2508 quam
366 2399 443 2474 alte
462 2398 628 2485 elevant,
656 2397 841 2471 abdomen
857 2397 979 2498 ipsum
993 2414 1118 2472 autem
1134 2403 1325 2479 vertica-

232 2529 323 2603 liter
335 2521 495 2620 erigunt,
522 2532 603 2590 tum
619 2517 804 2591 terebram
820 2519 888 2592 sub
902 2534 1070 2594 ventrem
1086 2518 1324 2600 deflectunt

232 2661 271 2721 et
286 2643 324 2716 in
337 2641 505 2714 foramen
520 2637 709 2724 inserunt,
737 2654 801 2711 aut
815 2640 931 2738 galles
947 2655 986 2712 et
1001 2637 1108 2712 nidos
1132 2635 1323 2720 aliorum

231 2764 462 2838 insectorum
477 2756 623 2833 terebra
644 2759 854 2858 perforant,
884 2771 925 2832 ut
946 2757 1053 2859 apice
1074 2755 1201 2830 aculei
1228 2759 1326 2838 lar.

232 2911 297 2961 vas
326 2879 563 2958 absconditas
588 2879 790 2978 attingant,
819 2878 956 2978 quibus
976 2875 1113 2952 deinde
1134 2901 1207 2951 ova
1237 2908 1326 2962 sua

231 3004 441 3082 inmittunt.
497 3001 598 3072 llaec
619 3023 767 3100 semper
792 3013 849 3071 sat
874 2995 1061 3096 profunde
1088 2996 1128 3071 iu
1154 3021 1323 3102 eorpus

229 3128 355 3203 larvae
371 3136 582 3225 ponuntur,
610 3147 657 3194 ne
672 3118 813 3205 forsan,
842 3117 944 3189 larva
958 3132 1046 3190 cute
1064 3141 1103 3191 se
1117 3137 1323 3216 exuente,

230 3273 316 3322 cum
338 3260 426 3318 oute
446 3241 660 3344 perdantur.
716 3235 917 3338 Progenies
933 3233 1224 3326 lehneumonis,
1259 3269 1327 3322 ex

228 3365 310 3441 ovis
326 3365 495 3447 exclusa,
524 3357 788 3460 utplurimum
810 3357 954 3430 interna
975 3353 1228 3460 larvaepetit
1254 3380 1325 3454 et,

229 3482 421 3557 interanea
445 3477 545 3576 ejus,
574 3503 644 3550 nee
663 3501 754 3550 vero
779 3475 922 3552 viscera
943 3473 1040 3575 ipsa,
1063 3475 1129 3550 sed
1154 3501 1323 3581 corpus

228 3600 442 3701 adiposnm,
477 3595 694 3687 comedens,
735 3597 775 3670 in
809 3597 910 3672 larva
943 3621 1029 3670 cum
1064 3595 1165 3672 larva
1201 3595 1322 3700 ipsa,

229 3745 379 3820 semper
402 3717 512 3792 avide
542 3715 696 3806 edente,
731 3745 849 3819 usque
883 3717 1050 3791 nutritur
1076 3732 1116 3792 et
1141 3724 1323 3816 crescit,

228 3840 317 3914 dum
331 3839 459 3914 adulta
472 3837 516 3912 ad
530 3837 778 3914 mutationem
795 3853 968 3937 separet,
996 3863 1070 3938 qua
1085 3837 1158 3911 fine
1176 3841 1244 3914 vel
1264 3843 1320 3922 in

227 3983 388 4060 corpore
412 3957 537 4032 larvae
563 3956 681 4058 ipsius
707 3959 746 4032 in
774 3973 911 4031 statum
935 3956 1122 4057 nymphae
1143 3963 1321 4056 transit,

226 4082 306 4169 vel,
333 4094 534 4184 postquam
555 4101 624 4178 per
643 4077 835 4152 musculos
859 4092 898 4152 et
916 4093 1042 4154 cutem
1071 4079 1199 4154 laruae
1233 4109 1323 4158 ro.
