2674 4816
234 319 313 396 462
566 373 572 384 .
633 333 909 390 rnuusuuort

487 499 627 578 Nota:

308 622 419 701 Iolen.
430 624 616 726 sororius
638 621 805 698 Sohranlr
831 623 946 700 Boioa
973 652 1009 700 n.
1033 628 1150 716 2075,
1178 621 1274 698 slacio

236 749 352 822 »llava
381 761 499 834 etc.‚a
533 745 634 820 haud
660 745 707 820 ad
734 761 900 822 nostram
935 746 1101 848 speciem
1129 741 1273 821 adhiberi

236 883 379 971 potest,
410 866 474 942 sed
500 867 637 968 potius.
660 867 705 940 ad
729 871 900 966 Trogum
922 869 1108 944 lutarium
1131 881 1274 970 spectare

232 987 395 1064 videtur.
425 1031 474 1044 —
501 989 563 1061 De
567 990 729 1088 sororio
743 989 787 1062 F.
803 988 1022 1064 oonleratur
1036 1016 1072 1063 n.
1091 996 1139 1070 84
1154 1003 1272 1062 nostro

236 1135 321 1183 rum
343 1107 707 1209 supplementorum.

310 1228 419 1306 Icta.
437 1230 601 1328 fuscum
629 1227 739 1302 Linn.
771 1228 939 1305 Schranlr
972 1228 1014 1304 iu
1036 1230 1166 1304 Fauna
1185 1223 1273 1301 lloltt

234 1374 320 1424 cum
334 1347 444 1425 lehn.
460 1354 704 1447 cirrogastro
717 1347 930 1451 conjunxit,
953 1348 1020 1452 qui
1034 1365 1160 1428 autem
1172 1343 1271 1453 potius

234 1468 281 1542 ad
302 1472 475 1569 Trogum
495 1470 682 1545 latorium
705 1467 840 1545 referri
861 1468 987 1544 debet.

309 1589 371 1664 De
386 1588 496 1665 Iclzn.
516 1594 663 1690 pisorio
685 1588 838 1679 Linnei‚
867 1614 981 1691 quem
1000 1589 1155 1694 quidem
1169 1578 1273 1662 Fabri·

234 1707 334 1798 cius,
370 1707 410 1782 in
443 1709 653 1809 systemate
687 1707 996 1812 Entomologiae,
1032 1735 1121 1787 cum
1141 1707 1274 1812 sutorio

234 1827 311 1930 jam
333 1827 600 1931 conjunxerat,
628 1827 767 1904 dubius
786 1830 908 1905 adhuc
931 1830 1089 1922 haereo,
1119 1856 1200 1906 uum
1219 1824 1275 1899 hut

231 1949 364 2027 referri
385 1949 516 2050 possit.
573 1950 716 2025 Forsan
735 1951 929 2029 Ichneum.
945 1957 1087 2053 pisorir’
1104 1949 1274 2027 varietates

232 2071 359 2174 capite
372 2086 455 2145 toto
471 2068 596 2172 nigro,
625 2096 784 2170 quarum
806 2086 980 2147 auctores
1001 2068 1175 2148 nonnulli
1194 2089 1276 2144 men·

233 2191 376 2268 tionem
404 2188 566 2279 faciunt,
603 2187 678 2264 hue
708 2191 822 2266 etiam
857 2207 1041 2294 spectant.
1077 2234 1131 2254 ·-
1159 2185 1276 2267 Muller

233 2310 362 2387 icones
377 2309 692 2401 Schaefferianas,
722 2311 767 2385 ad
783 2312 891 2388 lolem
908 2321 1188 2416 exspectarim
1203 2311 1276 2384 Pau·

233 2432 311 2512 zeri
342 2430 530 2519 laudatas,
561 2431 608 2505 ad
633 2431 741 2508 Iclrn.
761 2439 949 2535 pisorium
977 2435 1167 2522 adhibuit3
1191 2425 1273 2506 lchn.

233 2551 439 2629 Schaefferi
457 2550 579 2626 Elem.
594 2551 670 2626 tab.
688 2561 748 2640 72,
776 2554 838 2654 fig.
858 2563 896 2644 1,
925 2581 946 2628 a
962 2556 1156 2632 nonnullis
1171 2563 1276 2627 aucto·

231 2672 337 2750 ribus
364 2675 480 2746 etiam
507 2671 554 2744 ad
574 2672 682 2748 Inlue.
702 2680 890 2774 pisorr'um
918 2675 1073 2754 citatur.
1125 2676 1178 2752 Ad
1204 2670 1275 2746 haec

232 2793 402 2872 conseras
426 2790 593 2894 speciem
615 2809 783 2870 nostram
806 2812 1040 2899 sequentem.

582 3163 656 3229 187.
699 3151 727 3220 l.
749 3153 968 3224 PlSORlUS.

436 3316 549 3389 Linels
579 3321 621 3389 ad
650 3322 775 3388 alarum
807 3323 953 3392 radicem
981 3325 1090 3410 llnvls3
1126 3313 1276 3390 abdomine

438 3423 544 3490 dilate
571 3423 664 3508 rulo,
698 3425 828 3514 petiolo
856 3423 1072 3495 obscuriore.
1094 3451 1138 3498 m.
1158 3424 1181 3492 f.
1210 3421 1277 3502 (mar

435 3524 521 3594 lucie
556 3526 654 3609 llavn,
690 3529 831 3617 pedibus
864 3529 1094 3598 flavicnntlbus
1129 3527 1277 3615 nigram?

439 3628 575 3711 culatis3
593 3635 728 3719 semina
757 3633 877 3700 orbitis
906 3633 1080 3700 oculorum
1103 3619 1276 3698 frontalibus

440 3743 473 3795 et
494 3732 619 3797 annulo
649 3747 869 3802 antennarum
890 3735 991 3822 albis,
1023 3735 1161 3828 pedibus
1181 3718 1276 3813 nigrim

443 3832 599 3898 tibiarum
621 3835 730 3902 medio
754 3835 868 3924 llavo).

308 4003 534 4104 Lougituclo
547 4008 670 4084 maris
693 4018 852 4101 8-11,
879 4009 1044 4088 feminae
1062 4019 1086 4090 9
1101 4007 1273 4084 linearum·

234 4129 365 4232 Caput
382 4135 503 4208 muris
517 4126 635 4218 lucie,
662 4153 747 4222 ore,
774 4132 1003 4240 plerumque
1021 4128 1151 4210 orbitis
1163 4115 1275 4212 “⁰¹⁰¹
