2686 4814
242 308 318 382 568
667 323 937 378 rcunnuuon

239 488 452 593 descriptio
476 513 611 566 eorum
639 489 837 589 (eLinnei
867 493 997 567 Fauna
1023 487 1210 593 mutuate)
1246 490 1284 566 nd

243 626 415 685 nostrum
438 609 698 712 Mesoleptum
719 613 957 688 lnrvotorem
977 613 1121 716 optime
1146 612 1286 715 quadru-

243 745 317 818 ret‚
354 729 385 804 si
412 743 584 804 auctores
607 729 760 830 allegati
790 731 1016 807 lineolarum
1036 734 1189 807 duorum
1214 730 1287 805 dor·

246 850 380 940 salium
400 847 638 950 protborncis
653 864 692 923 et
706 851 937 925 macularum
950 851 1106 925 duarum
1123 849 1289 927 metathe-

243 969 340 1044 racis
361 968 592 1044 mentionem
615 969 810 1050 fecissents
837 969 896 1046 his
911 987 1037 1045 autern
1052 971 1208 1065 omissis,
1232 969 1289 1041 du-

242 1090 328 1166 bius
344 1117 437 1180 sum,
460 1115 508 1165 nn
520 1105 693 1164 auctores
708 1090 819 1165 illurn
832 1092 1089 1192 Mesoleptum
1102 1089 1290 1190 descripse-

243 1211 331 1286 rint.
386 1209 424 1284 Si
442 1225 568 1284 nutem
580 1209 689 1286 Iclru.
705 1212 962 1309 infractorius
975 1209 1181 1298 Schrankii,
1206 1221 1290 1284 teste

247 1328 453 1404 Schrankio
477 1329 562 1432 ipso
592 1331 755 1427 (bustu,
790 1358 825 1404 n.
852 1331 949 1430 701)
975 1329 1220 1408 Ichneumoni
1240 1342 1290 1430 ty·

246 1476 370 1528 ranno
391 1448 561 1549 ejusdem
582 1449 746 1524 auctoris
769 1449 904 1525 similis
924 1464 998 1538 est,
1034 1466 1139 1526 certo
1165 1475 1236 1526 non
1251 1444 1290 1520 ad

244 1572 504 1670 Mesoleptum
524 1573 759 1646 loronto'rem
780 1567 913 1646 referri
935 1583 1074 1670 potest,
1102 1597 1187 1646 unm
1196 1565 1290 1646 chn.

246 1706 438 1792 tyrannus
471 1689 836 1764 eculeo-instructus
870 1704 929 1766 est
960 1689 1196 1790 longitudine
1234 1685 1287 1780 17,

246 1809 449 1899 linearum,
498 1808 650 1910 qualem
678 1809 807 1884 nullus
836 1807 1073 1910 Mesoleptus
1104 1808 1292 1906 nullusque

245 1928 480 2006 Ichneumon
505 1927 629 2004 habet.

244 2105 246 2110 ·
326 2051 436 2127 chn.
459 2049 716 2146 infractorins
734 2047 917 2139 Fabricii,
945 2049 1149 2138 Gmelinii,
1175 2041 1292 2130 Rossii,

248 2170 478 2245 »femoribus
494 2167 621 2268 nigris,
646 2171 847 2267 segmentis
862 2169 1188 2270 resignemus«
1203 2165 1294 2244 nulla

246 2289 345 2364 facta
364 2287 557 2364 mentione
580 2286 720 2360 coloris
737 2287 822 2361 flavi
843 2287 975 2364 baseos
990 2290 1295 2391 segmentorum2

247 2426 287 2486 et
303 2421 337 2500 3,
354 2436 423 2484 nec
437 2407 482 2482 nd
496 2407 605 2483 chn.
623 2411 898 2508 infractorium
913 2425 1112 2486 auctorum
1127 2409 1203 2512 jum
1216 2405 1295 2482 clle-

246 2544 434 2632 gstornm‚
464 2552 532 2602 nec
546 2526 591 2600 ad
605 2543 786 2616 nostrum,
814 2552 883 2604 nec
898 2529 944 2604 ad
957 2531 1216 2634 Mesoleptnm
1230 2529 1296 2604 lor·

247 2667 440 2736 notorem,
466 2646 640 2748 quadrot3
669 2646 1040 2737 sedlcbneumones,
1067 2643 1298 2726 subnomini·

247 2770 317 2845 bus
351 2770 461 2845 chn.
499 2770 725 2866 infractorii
750 2782 790 2842 et
823 2771 1066 2859 salutatorii,
1107 2771 1149 2845 in
1183 2786 1297 2844 museo

247 2888 414 2964 Fabricii
437 2886 632 2975 asservati,
661 2912 682 2961 e
705 2886 961 2989 descriptione
984 2885 1247 2990 Trentepohlii
1267 2882 1299 2956 in

249 3010 350 3085 Iside
372 3015 487 3096 1826,
524 3007 551 3082 l.
575 3033 625 3095 c.,
660 3006 804 3107 optime
826 3021 975 3084 nostrae
997 3009 1140 3112 speciei
1160 3027 1299 3108 respon·

249 3131 351 3206 dent.

332 3247 436 3345 Quid
464 3246 515 3322 sit
547 3247 656 3325 chn.
699 3248 957 3349 instructorius
987 3244 1161 3322 Villersii
1203 3245 1302 3350 plane

251 3369 398 3456 nescio;
425 3382 557 3442 auctor
573 3367 689 3456 enim,
717 3368 888 3469 diagnosi
904 3381 943 3441 et
955 3363 1211 3466 descriptione
1225 3363 1303 3438 Liu-

250 3490 312 3562 nei
333 3487 514 3589 receptis,
548 3486 669 3572 nddit;
706 3486 768 3560 »in
790 3485 927 3560 nostris
950 3486 1220 3585 speciminibus
1248 3509 1304 3558 sn·

252 3622 411 3684 »tenone
432 3606 473 3680 in
493 3607 653 3682 mnximn
675 3621 783 3708 perte
798 3607 1082 3693 flavescentes,«
1110 3609 1178 3684 sed
1199 3605 1305 3682 femo-

250 3751 334 3800 rum
356 3726 546 3824 nigrorum
570 3726 714 3800 nullam
736 3724 831 3798 facit
850 3723 1093 3801 mentionem.

327 3839 436 3920 Iclur.
455 3843 757 3938 circumflexus?
773 3845 883 3920 Rossi
899 3845 929 3917 F
932 3869 1031 3932 nun,
1050 3873 1086 3920 n.
1103 3853 1179 3924 788
1195 3843 1307 3920 forsan

251 3964 299 4040 nd
328 3962 545 4038 varietatem
572 3964 725 4040 tertiam
750 3964 869 4038 nostri
899 3966 1124 4063 infractorii
1149 3955 1306 4040 adhiberi

251 4089 393 4186 posset.
459 4081 622 4186 Ophion
648 4081 927 4180 circumflexus
948 4084 982 4160 F
983 4083 1062 4160 ubr.
1092 4083 1237 4186 species
1259 4089 1309 4154 est
