2698 4802
275 337 332 416 68
576 357 794 409 ursroura
827 357 1063 410 cunrunae

280 525 381 600 aurio
393 519 678 612 Gravendonrl,
703 520 743 596 in
756 521 1324 626 Monographia'lchneumouuu

284 642 584 719 Pedcmontanae
596 641 790 742 Regionis,
818 669 989 746 magnam
1004 645 1150 746 copiam
1168 667 1324 719 novarum

286 760 497 864 specierum
518 761 665 864 publici
686 761 781 864 juris
801 762 975 842 faciebat.
1003 807 1057 822 -
1082 764 1184 838 Idem
1203 775 1322 846 auctor,

281 906 381 956 anno
409 889 525 970 1821,
559 882 690 982 plures
717 884 882 985 species,
918 909 940 958 a
967 879 1142 958 Fabricio
1168 909 1189 959 e
1213 901 1322 955 museo

279 1000 449 1078 lliibneri
461 1001 678 1104 descriptas,
707 1004 857 1106 plenius
869 1003 1107 1080 describebat
1118 1003 1160 1093 in
1174 995 1319 1076 Germarl

284 1121 519 1198 Promtuario
534 1123 833 1225 entornologicos
861 1124 1023 1199 Germar
1036 1122 1154 1210 enim,
1181 1120 1241 1224 qui
1259 1115 1321 1192 col·

277 1242 484 1320 lectionem
505 1243 821 1343 eutomologicam
844 1242 1084 1318 celeberrimi
1099 1239 1258 1317 Hi'rbaeri
1272 1235 1320 1310 de·

277 1363 400 1437 functi
414 1377 572 1451 eruerat,
600 1362 794 1438 individua
814 1363 896 1465 ipsa
910 1361 1219 1450 Ichneumouum,
1243 1375 1320 1460 quat

277 1482 472 1557 Fabricius
493 1509 540 1558 ex
558 1482 626 1557 illa
647 1484 877 1558 collectione
891 1507 1018 1558 coram
1033 1481 1227 1570 habuerat,
1249 1501 1320 1552 cun

276 1601 578 1678 Graveuhorstio
604 1603 876 1679 benevolenter
904 1601 1251 1679 communicaverat
1280 1633 1322 1652 -

273 1727 383 1802 Auno
424 1731 524 1800 1822
557 1721 785 1822 Thunberg,
826 1724 866 1797 in
899 1723 1003 1801 Actis
1036 1714 1319 1825 Petropolitauia,

275 1840 542 1917 illustrationis
567 1844 800 1917 Insectorum
820 1842 1183 1946 hymenopterorum
1200 1849 1320 1941 panca

273 1960 434 2064 primam
473 1960 626 2051 edebat,
667 1987 764 2064 quae
803 1957 1122 2037 Ichneumonidea
1162 1955 1319 2034 continet

272 2086 416 2161 Auctor
435 2080 599 2182 Crypton
625 2083 757 2157 Bassos
782 2084 967 2157 Bracones
986 2079 1158 2155 bauchos
1179 2073 1319 2176 Pimplas

272 2201 414 2304 lappas
435 2200 633 2302 Ophiones
652 2217 692 2276 et
706 2201 855 2277 Foenos
874 2200 1054 2289 Fabricii,
1083 2197 1153 2276 sub
1174 2191 1320 2275 denoni-

272 2321 426 2395 natione
439 2319 630 2398 communi
647 2320 821 2421 generice
837 2320 1149 2408 Ichneumonum,
1173 2324 1320 2417 comptr-

270 2437 404 2518 laendit
422 2451 480 2526 et,
507 2440 713 2514 secundum
729 2440 897 2513 colorem
915 2456 1164 2516 antennarum
1178 2429 1319 2513 thoracis

271 2554 483 2634 abdominis
502 2573 574 2636 etc.
597 2557 638 2635 in
657 2557 820 2636 familias
842 2559 893 2634 65
912 2558 1080 2661 digessit.
1135 2559 1232 2632 Cum
1247 2571 1320 2630 vcro

270 2691 404 2754 auctor
423 2675 479 2751 nil
494 2675 567 2750 nisi
586 2674 784 2778 diagnoses
802 2677 1004 2779 perbreves
1026 2674 1237 2779 specierum
1256 2669 1321 2748 edi·

269 2797 387 2887 derit,
414 2794 563 2872 omissis
589 2794 765 2874 omnibus
787 2795 1125 2900 descriptionibus,
1153 2791 1319 2896 allegatis

129 2945 132 2950 ·
268 2933 311 2995 et
331 2913 478 2993 notitiis
493 2914 541 2990 de
556 2915 679 3018 patria
693 2915 936 3006 insectorum,
957 2917 1006 2993 de
1018 2914 1218 3018 speciebus
1232 2909 1323 2991 novit

268 3035 384 3138 hujus
408 3050 591 3114 tractatus
619 3035 890 3114 difficillimum
909 3051 969 3112 est
996 3061 1148 3126 eruere,
1184 3024 1321 3114 num-ad

266 3183 377 3234 unarn
392 3157 597 3238 alteramve
611 3171 822 3234 nostrarum
836 3157 1047 3258 specierum
1065 3155 1235 3234 adhiberi
1251 3175 1322 3257 poa-

267 3277 358 3360 sints
374 3277 460 3352 inde
474 3277 656 3380 plurimas
672 3303 799 3353 earum
809 3300 983 3377 prorsum
996 3276 1175 3353 omittere
1187 3289 1322 3353 coactu

265 3393 334 3468 fui.
362 3437 416 3450 -·
440 3400 549 3473 Anno
572 3407 671 3474 1823
692 3399 832 3474 Follc‘n
852 3394 1073 3472 methodum
1093 3421 1229 3473 novam
1248 3393 1322 3470 edo·

264 3511 330 3590 bat
351 3513 632 3615 Hymenoptera
649 3513 893 3614 disponendis
921 3515 1048 3592 Sectio
1063 3518 1225 3594 secunda
1246 3511 1321 3608 (Pa

265 3634 527 3732 tiolioentres)
554 3631 804 3710 indivisione
829 3636 966 3738 prima,
992 3635 1155 3738 pedibus
1176 3636 1236 3714 vel
1263 3655 1321 3706 nu«

263 3749 446 3830 diusculis
487 3751 549 3828 vel
582 3779 715 3856 parum
750 3755 971 3858 spinulosis‚
1018 3751 1321 3832 lehneumonidea

264 3872 609 3962 nostroscontinet,
637 3872 931 3953 hocschemate:
958 3878 987 3950 I.
1007 3874 1321 3952 Antennisextcn·

262 3993 334 4070 sias
348 3996 520 4072 Familia
537 4002 573 4081 1.
586 3993 900 4075 chncumoaides
909 4027 923 4082 ;
941 3995 1116 4071 antennis
1134 3989 1320 4094 elongati&

261 4111 432 4196 aciculis
454 4112 590 4216 viginti
611 4127 652 4192 et
669 4114 787 4196 ultras
822 4141 984 4222 corpore
1007 4114 1235 4192 nudiusculo
1260 4107 1320 4184 on
