2704 4806
226 299 251 372 8
518 285 735 368 ursaonae
761 309 999 368 cotronae

121 521 123 524 ·
226 475 380 556 domine
398 473 604 582 peciolam,
631 479 744 556 dorso
765 471 934 558 'thoracis
953 474 1082 554 infixo.
1124 474 1324 576 (Evania

228 616 268 676 et
293 599 482 700 Foenus).
543 601 629 676 Vll.
665 601 848 676 Antennis
874 599 1032 676 ramosis
1067 597 1320 700 (Eulophus

218 719 408 818 Gamla).
472 720 576 798 VIII.
611 721 794 796 Antennis
833 718 1095 805 fililormibus3
1134 740 1322 819 corpore

228 839 453 943 plerumque
466 837 615 912 minuto
642 837 819 936 (Codrus,
840 841 962 915 Psilus
978 838 1085 936 etc).
1139 838 1208 912 IX.
1223 842 1325 915 An-

228 957 352 1034 tennis
367 957 703 1047 monililormibus,
733 958 878 1059 apicem
892 983 1021 1034 versus
1032 955 1321 1060 crassioribus,

231 1092 274 1152 ut
287 1077 493 1178 plurimum
509 1077 705 1166 brevibus,
734 1077 924 1154 interdum
938 1074 1185 1162 brevissimis3
1213 1101 1324 1152 cor-

229 1222 324 1298 pora
359 1197 585 1298 plerumque
612 1197 760 1272 minuto
794 1197 1058 1300 (Diplolepis,
1099 1195 1319 1298 Cleptes).

231 1317 367 1389 Postea
393 1339 502 1402 vern,
540 1314 580 1388 in
606 1329 770 1391 tractatu
799 1319 848 1396 15
881 1316 1098 1394 Voluminis
1129 1319 1317 1410 secundi,

233 1448 381 1526 auctor,
409 1433 594 1511 Linneum
621 1453 789 1528 secutus,
823 1436 1006 1512 familiam
1025 1435 1203 1538 primam,
1233 1463 1322 1516 seu

117 1647 122 1658 ,
224 1553 386 1644 'Sirices,
414 1552 460 1628 ab
480 1552 798 1632 lchueumonibus
814 1555 1053 1657 sejungebat,
1080 1572 1119 1631 at
1138 1554 1322 1636 Ichneu-

221 1675 363 1748 ¹mones
386 1687 535 1775 apteros
558 1673 599 1748 in
618 1674 800 1750 familiam
815 1676 1047 1778 peculiarem
1068 1676 1318 1778 segregabat.
1335 1657 1336 1662 Ἰ

234 1793 435 1872 Caeterum
450 1809 575 1872 autem
588 1796 741 1895 Degeer
753 1795 829 1896 jam
843 1796 999 1884 sciebat,
1023 1793 1171 1896 saepius
1186 1795 1319 1872 unius

234 1911 479 2015 ejusdemque
517 1915 659 2016 speciei
697 1939 817 1990 mares
852 1931 1030 1992 antennas
1070 1913 1316 2013 unicolores,

234 2031 391 2106 seminas
411 2051 589 2110 antennas
609 2032 893 2110 alboannulatas
916 2033 1066 2109 habere.
1082 2077 1135 2092 -··
1153 2036 1199 2110 In
1220 2037 1320 2111 edi-

232 2151 337 2228 tione
360 2154 504 2228 decima
522 2156 740 2254 systematis
759 2157 926 2232 Naturae
936 2155 1129 2230 Linnaeus
1147 2178 1321 2256 quoquc

235 2271 366 2372 plures
402 2297 516 2348 novas
547 2274 693 2372 species
721 2271 1019 2349 ichneumonum
1046 2271 1319 2365 describebat3

229 2391 436 2491 'sejungens
460 2404 585 2466 autem
605 2390 651 2464 ab
678 2391 774 2482 illis,
810 2407 925 2494 atque
950 2395 989 2468 in
1010 2417 1147 2466 novum
1170 2416 1317 2491 genus,

236 2509 374 2614 Sphex
395 2511 641 2610 adpellatum,
671 2535 901 2612 congregans
921 2511 988 2586 illa
1011 2511 1168 2599 insecta,
1203 2537 1319 2612 quae

235 2629 435 2730 originitus
468 2629 514 2702 ab
547 2630 751 2708 Aristotele
787 2630 876 2707 inde
909 2631 955 2704 ad
982 2629 1319 2708 Swammeulamii

235 2765 405 2850 tempora
429 2748 701 2826 Ichneumones
725 2751 916 2825 nominata
936 2764 1053 2826 erant.
1108 2753 1213 2824 Inter
1231 2747 1320 2828 ho-

235 2869 385 2944 diernos
414 2867 687 2945 Ichneumones
715 2896 806 2972 ergo
835 2873 940 2946 nulla
961 2885 1020 2946 est
1042 2871 1185 2972 species
1215 2870 1319 2948 Ich-

235 3013 464 3066 ncunronum
485 3006 667 3066 veterum.
721 2991 924 3064 Caeterum
947 3007 1071 3065 autem
1090 2986 1163 3061 hoc
1182 3011 1315 3087 genus

235 3109 436 3184 aLinnaeo
452 3110 491 3184 in
504 3127 648 3212 septem
661 3109 823 3184 familias
838 3109 1129 3211 dispescebatur,
1142 3131 1316 3208 quarum

238 3237 258 3307 1
292 3229 491 3305 abdomine
518 3231 640 3306 sessili
673 3245 895 3304 mucronato
931 3229 1137 3327 (Sirices),
1169 3235 1268 3304 2-
1283 3241 1316 3311 6

234 3347 364 3424 colore
392 3349 544 3423 scutelli
569 3363 609 3423 et
627 3363 874 3426 antennarum
907 3349 1210 3448 (Ichneumones
1235 3371 1316 3447 ge..

235 3467 389 3566 ouini),
429 3475 454 3546 7
476 3493 636 3570 corpore
659 3469 824 3558 minut0,
852 3469 1024 3544 antennis
1044 3467 1312 3563 filisormihus,

234 3586 434 3662 abdomine
452 3603 565 3664 ovato
587 3587 710 3666 sessili
743 3589 1037 3694 (Diplolepides
1060 3586 1179 3686 eto),
1206 3587 1316 3668 defi-

235 3707 338 3786 nitae
359 3721 456 3780 sunt.

228 3843 232 3848 ·
312 3825 439 3928 Opera
474 3823 640 3902 virorum
666 3828 962 3919 celebratorum,
988 3828 1065 3929 jam
1092 3828 1313 3906 recensito-

232 3967 327 4034 rum,
353 3943 463 4020 valde
482 3945 697 4022 excitabant
708 3963 747 4024 et
766 3947 975 4024 incitabant
989 3971 1154 4023 amorem
1170 3969 1311 4032 rerum

233 4063 459 4142 naturalium
480 4079 519 4140 et
539 4063 711 4142 ardorem
729 4083 997 4159 scrutatorum,
1025 4068 1078 4144 ita
1099 4077 1141 4142 ut
1160 4062 1309 4152 horum
