2706 4810
491 337 649 391 ranrrs
687 339 711 388 r.
1057 323 1136 396 679

69 498 432 587 Ιοῐωόιὶιιῡιίἀιιιιι,
453 499 516 576 vel
524 499 643 581 resins
656 497 903 580 obvenientes
911 501 1136 608 relonsuino

69 647 207 710 novas,
230 616 472 704 describebat·
482 633 522 696 et
533 617 707 695 iconibus
717 619 1009 722 ‘elegantissimis
1027 645 1137 698 mou«

68 739 349 839 rarissimisque
373 737 495 824 totius
521 735 693 812 animalis
726 753 766 818 et
790 739 1024 840 singularum
1051 740 1135 842 ejus

68 859 256 964 portium,
280 855 467 960 imprimis
482 854 577 946 oris,
600 854 833 946 illustrabat,
854 859 991 934 additis
1007 860 1137 938 obser·

67 975 307 1069 rationibus,
328 977 378 1056 nd
390 976 490 1054 vitae
502 999 620 1078 genus
635 973 771 1054 borum
782 976 1014 1056 insectorum
1027 1005 1137 1082 spec·

66 1094 255 1176 tentibus.

488 1319 590 1421 Pag.
618 1325 718 1400 676.

142 1453 440 1538 Ichneumonem
452 1453 865 1560 prrvnmsingularem,
879 1450 1137 1559 circaNetley

66 1589 244 1678 captum,
271 1575 385 1678 Hope
404 1575 451 1650 ad
469 1574 669 1655 meruistis
694 1573 834 1652 Poma
847 1573 1057 1656 abdominis
1071 1599 1136 1678 pe-

65 1695 217 1784 tiolati,
245 1694 405 1796 pedibus
434 1695 685 1798 antennisque
709 1693 973 1785 crassioribus,
1000 1693 1136 1772 aculeo

66 1815 297 1896 abscondito
318 1813 478 1911 (semina
498 1816 600 1893 enim
620 1842 703 1894 esse
723 1814 875 1894 ridetur
893 1831 1051 1918 propter
1070 1843 1137 1894 au·

63 1951 207 2015 tennes
226 1933 430 2012 crassiores
450 1934 640 2010 involutas
659 1952 700 2015 et
717 1935 905 2012 abdom
916 1937 1135 2036 robustum)

65 2081 159 2132 cunr
176 2052 319 2131 familia
333 2053 453 2157 prima
469 2054 616 2156 generis
631 2053 932 2134 chueumonrun
943 2055 1135 2158 congruit;

64 2172 238 2252 discedit
263 2189 389 2250 autem
417 2175 468 2250 ab
492 2173 569 2251 ills
586 2173 712 2276 capite
733 2175 981 2278 subgloboro,
1009 2167 1138 2255 areola

66 2295 218 2373 alarum
239 2291 459 2382 deficiente,
492 2309 725 2396 quapropter
743 2293 871 2373 forsan
891 2297 932 2372 in
952 2293 1137 2375 familiam

63 2411 305 2518 peculiarem
320 2413 529 2518 (subgeuus
539 2415 819 2518 Microleptes,
843 2441 864 2492 a
879 2415 995 2492 verbo
1007 2441 1137 2504 μικρο·

62 2538 224 2628 λέπτηε,
247 2532 371 2609 furem
386 2561 513 2611 rerum
528 2534 758 2611 minutarum
773 2533 1025 2638 significante,
1043 2536 1136 2638 quia

62 2653 146 2732 hoc
173 2650 360 2730 insectum
387 2654 576 2730 minutum
600 2653 729 2730 forsan
751 2681 827 2732 nou
849 2655 922 2732 nisi
940 2653 1062 2734 larvas
1078 2654 1137 2733 iu-

63 2787 263 2852 sectorum
289 2798 491 2876 parvorum
519 2774 750 2876 aggreditur)
789 2774 939 2880 sejungi
966 2775 1133 2854 deberet.

62 2891 296 2996 Descriptio
317 2892 401 2997 ejus
422 2892 516 2974 beer
537 2911 615 2973 ests

154 3273 533 3345 MICROLEPTES
563 3273 984 3346 SPLENDIDULUS.
1015 3299 1052 3346 n.

370 3429 490 3518 Niger,
519 3427 661 3518 pedibus
683 3427 776 3496 ruiis.
806 3425 831 3494 i.

146 3617 371 3720 Longitudo
385 3619 616 3699 filinearum.
640 3623 793 3723 Corpus
803 3617 978 3694 nitidum.
1007 3621 1137 3722 Caput

60 3769 82 3818 a
101 3741 227 3818 lutere
245 3741 365 3816 risum
382 3739 669 3842 subglobosum,
698 3765 861 3842 superne
876 3737 998 3816 risun
1012 3738 1139 3842 longi·

60 3857 204 3938 tudine
225 3858 305 3936 iere
324 3860 444 3962 duplo
469 3859 600 3948 latius,
628 3855 729 3932 haud
751 3859 897 3934 collum
918 3883 1047 3936 versus
1070 3884 1137 3933 an-

61 3991 276 4084 gustatum,
291 3977 389 4056 facie
403 3979 501 4056 infra
516 3977 994 4080 antennasprotuberante3
1009 3976 1135 4080 palpis

61 4096 220 4180 albidis.
261 4100 379 4182 Oculi
392 4099 533 4182 orales.
579 4102 785 4182 Antennoe
801 4097 865 4178 vix
884 4096 1033 4176 dimidii
1051 4120 1136 4174 cor·
