2666 4812
379 358 479 416 rats.
506 344 540 429 t,
571 357 687 416 stov.
717 361 767 414 rx.
1032 339 1109 418 669

58 523 272 604 verbotenus
300 539 540 630 receperunt.
608 525 791 604 Conferat
818 525 866 604 ael
890 523 985 605 haee
1012 551 1111 632 quae

57 647 120 722 sub
138 647 243 726 Icta
266 646 482 727 incubitorr
503 645 678 726 monebo.

122 896 157 968 8.
190 887 254 964 De
275 887 440 993 Heyden
469 887 575 966 misit
601 885 696 966 milri
730 885 968 964 individuum
1000 885 1108 966 fellu.

55 1009 269 1085 celeratorr's
289 1009 486 1110 seminus,
522 1009 760 1113 alterumque
792 1007 1113 1112 Phygocleuorrtr's

55 1129 290 1233 quadrispim'
303 1128 501 1228 seminas,
538 1157 627 1207 eum
656 1124 811 1218 notitia,
850 1153 889 1204 se
917 1126 1011 1204 haee
1033 1126 1111 1202 duo

55 1243 256 1340 individua,
296 1249 339 1324 in
370 1251 466 1326 llore
507 1249 770 1354 Euphorbiue‚
804 1247 941 1352 copula
980 1243 1112 1350 juncta

55 1365 200 1461 vidisse,
240 1371 490 1448 sceleratorem
523 1395 664 1448 marem
695 1369 814 1448 fuisse
846 1367 1113 1473 quadrispr'nr‘e

54 1503 165 1582 metu,
193 1518 242 1567 ne
261 1489 517 1595 perjurorum
540 1489 727 1583 avolaret,
754 1515 795 1569 se
814 1491 925 1567 ambo
952 1488 1111 1592 cepisse

56 1609 177 1687 eodem
206 1623 335 1690 autem
362 1623 555 1686 momento
583 1633 651 1712 par
678 1637 718 1688 se
743 1610 990 1712 disjunxisse,
1026 1619 1114 1686 aute

55 1727 340 1831 disjunctionem
385 1755 478 1808 vero
516 1745 642 1832 partes
687 1731 871 1835 genitales
916 1729 1113 1806 amborum

55 1845 193 1948 junctas
219 1849 352 1928 fuisse.
407 1849 588 1927 Graviter
607 1865 897 1941 tamenvereon
924 1879 973 1928 ue
986 1851 1045 1928 vir
1063 1851 1113 1926 il·

55 1965 173 2046 lustris
202 1997 244 2046 se
265 1969 466 2060 fefellerit,
492 1996 561 2046 nec
578 1997 705 2050 veram
728 1973 905 2074 copulam
926 1971 992 2049 sed
1015 1971 1114 2048 forte

56 2085 103 2163 uil
116 2089 186 2166 nisi
208 2087 390 2167 effectum
406 2089 660 2193 impetuosum
677 2107 801 2168 aestus
816 2091 1012 2192 eujusdam
1025 2089 1114 2166 libi·

56 2205 169 2285 dinosi
185 2209 324 2286 horum
338 2209 652 2286 animalculorum
666 2211 933 2302 observaverit,
962 2213 1113 2315 qualem

56 2327 115 2404 ulii
134 2354 288 2435 quoque
310 2331 543 2431 entomologi
572 2331 611 2408 iu
633 2333 718 2406 aliis
740 2331 895 2408 insectis
922 2331 1112 2409 viderunt.

56 2447 155 2527 folin.
176 2453 372 2530 celeratur
387 2463 526 2539 noster,
552 2449 647 2525 licet
666 2449 819 2526 aculeus
834 2475 1007 2552 prorsum
1028 2454 1114 2527 abs-

56 2571 220 2650 conditus
250 2569 317 2660 sit,
351 2597 374 2646 e
393 2567 513 2644 forma
536 2569 707 2672 corporis
727 2569 846 2647 totius
872 2587 912 2648 et
933 2578 1115 2649 antelmu-

55 2712 130 2766 rum
161 2719 234 2797 pro
270 2689 426 2780 femina,
455 2715 525 2767 neo
558 2712 629 2792 pro
663 2715 782 2781 mare,
815 2691 1008 2770 habendus
1042 2708 1111 2769 est.

56 2806 170 2914 Ptyg.
193 2809 442 2917 quadrispr'rrl
461 2809 599 2886 femina
620 2825 746 2889 autem
765 2835 839 2886 nou
855 2811 978 2888 solum
995 2828 1115 2889 metu-

56 2925 201 3010 thorace
226 2931 473 3036 quadrispiuo
494 2947 533 3010 et
555 2931 673 3007 forma
691 2931 874 3032 segmenti
896 2932 1019 3032 primi,
1043 2954 1113 3008 neo

57 3071 124 3128 uon
146 3053 278 3131 colore
307 3051 488 3154 segmenti
512 3049 636 3154 quarti
657 3064 697 3125 et
718 3051 855 3152 pedum
878 3051 1115 3152 porticorum

57 3171 137 3246 satis
151 3171 467 3249 ablclrneumone
481 3172 690 3248 celeratore
704 3169 843 3260 differt,
860 3169 925 3245 sed
939 3168 999 3244 his
1013 3169 1113 3248 notis

56 3291 242 3383 omnibus,
270 3291 508 3394 reliquisque
529 3291 632 3380 aliis,
659 3315 744 3368 cum
764 3314 833 3366 suo
853 3313 973 3378 mare,
1001 3314 1115 3392 quem

56 3431 120 3510 ego
158 3414 195 3488 ei
231 3427 393 3514 nuptum
424 3411 530 3502 dedi,
563 3409 800 3488 exactissime
839 3408 1028 3487 convenit.
1061 3447 1116 3467 ·-

57 3525 259 3622 Quaeritur
273 3545 398 3608 autem
415 3559 502 3607 num
525 3531 652 3606 forsan
665 3530 773 3608 Iolen.
795 3532 1002 3608 latratoris
1016 3526 1115 3603 iudi-

56 3645 160 3724 vidua
182 3653 365 3741 mascula,
394 3651 565 3727 antennis
586 3649 717 3726 subtus
737 3649 871 3739 fulvis,
898 3673 1018 3725 mures
1038 3647 1116 3722 sint

57 3763 156 3844 lclrr.
179 3772 417 3848 celeratoris.
470 3771 580 3874 Hope
602 3785 800 3874 utramque
822 3769 988 3874 speciem
1010 3767 1115 3873 oepit

58 3886 206 3990 copiose
228 3889 329 3970 cirea
350 3893 505 3996 Netley.
