<?xml version="1.0" encoding="UTF-8"?>
<!DOCTYPE html PUBLIC "-//W3C//DTD XHTML 1.0 Transitional//EN"
    "http://www.w3.org/TR/xhtml1/DTD/xhtml1-transitional.dtd">
<html xmlns="http://www.w3.org/1999/xhtml" xml:lang="en" lang="en">
 <head>
  <title>
</title>
<meta http-equiv="Content-Type" content="text/html;charset=utf-8" />
  <meta name='ocr-system' content='tesseract 3.04.00' />
  <meta name='ocr-capabilities' content='ocr_page ocr_carea ocr_par ocr_line ocrx_word'/>
</head>
<body>
  <div class='ocr_page' id='page_1' title='image "./ichneumonologia01gravgoog_0484.png"; bbox 0 0 2674 4816; ppageno 0'>
   <div class='ocr_carea' id='block_1_1' title="bbox 349 347 1084 432">
    <p class='ocr_par' dir='ltr' id='par_1_1' title="bbox 349 347 1084 432">
     <span class='ocr_line' id='line_1_1' title="bbox 349 347 1084 432; baseline 0.011 -14"><span class='ocrx_word' id='word_1_1' title='bbox 349 365 449 422; x_wconf 76' lang='lat' dir='ltr'><strong>rtur.</strong></span> <span class='ocrx_word' id='word_1_2' title='bbox 478 353 514 432; x_wconf 94' lang='lat'><strong>1,</strong></span> <span class='ocrx_word' id='word_1_3' title='bbox 542 365 659 420; x_wconf 75' lang='lat' dir='ltr'><strong>secr.</strong></span> <span class='ocrx_word' id='word_1_4' title='bbox 687 369 753 422; x_wconf 75' lang='lat' dir='ltr'><strong>uu.</strong></span> <span class='ocrx_word' id='word_1_5' title='bbox 1008 347 1084 428; x_wconf 79' lang='lat'><strong>441</strong></span> 
     </span>
    </p>
   </div>
   <div class='ocr_carea' id='block_1_2' title="bbox 44 519 1091 1588">
    <p class='ocr_par' dir='ltr' id='par_1_2' title="bbox 48 519 1090 969">
     <span class='ocr_line' id='line_1_2' title="bbox 48 519 1090 612; baseline 0.013 -13"><span class='ocrx_word' id='word_1_6' title='bbox 48 520 139 602; x_wconf 83' lang='lat' dir='ltr'><strong>tibus</strong></span> <span class='ocrx_word' id='word_1_7' title='bbox 167 527 276 610; x_wconf 77' lang='lat' dir='ltr'><strong>muris</strong></span> <span class='ocrx_word' id='word_1_8' title='bbox 301 519 493 610; x_wconf 77' lang='lat' dir='ltr'><strong>interilum</strong></span> <span class='ocrx_word' id='word_1_9' title='bbox 522 529 657 608; x_wconf 76' lang='lat' dir='ltr'><strong>subtus</strong></span> <span class='ocrx_word' id='word_1_10' title='bbox 681 529 830 608; x_wconf 74' lang='lat' dir='ltr'><strong>macule</strong></span> <span class='ocrx_word' id='word_1_11' title='bbox 855 527 954 610; x_wconf 78' lang='lat' dir='ltr'><strong>ulbn.</strong></span> <span class='ocrx_word' id='word_1_12' title='bbox 1003 529 1090 612; x_wconf 77' lang='lat' dir='ltr'><strong>Ab·</strong></span> 
     </span>
     <span class='ocr_line' id='line_1_3' title="bbox 48 641 1088 756; baseline 0.008 -32"><span class='ocrx_word' id='word_1_13' title='bbox 48 641 167 726; x_wconf 77' lang='lat' dir='ltr'><strong>iumen</strong></span> <span class='ocrx_word' id='word_1_14' title='bbox 202 649 348 752; x_wconf 80' lang='lat' dir='ltr'><strong>nigrum</strong></span> <span class='ocrx_word' id='word_1_15' title='bbox 387 665 454 728; x_wconf 80' lang='lat' dir='ltr'><strong>eut</strong></span> <span class='ocrx_word' id='word_1_16' title='bbox 489 649 842 742; x_wconf 69' lang='lat' dir='ltr'><strong>uubcoerulesceusr</strong></span> <span class='ocrx_word' id='word_1_17' title='bbox 882 651 1088 756; x_wconf 76' lang='lat' dir='ltr'><strong>segmentis</strong></span> 
     </span>
     <span class='ocr_line' id='line_1_4' title="bbox 51 769 1090 878; baseline 0.008 -36"><span class='ocrx_word' id='word_1_18' title='bbox 51 769 251 860; x_wconf 78' lang='lat' dir='ltr'><strong>t-e-t,</strong></span> <span class='ocrx_word' id='word_1_19' title='bbox 276 769 396 848; x_wconf 80' lang='lat' dir='ltr'><strong>rurinu</strong></span> <span class='ocrx_word' id='word_1_20' title='bbox 417 769 533 849; x_wconf 85' lang='lat' dir='ltr'><strong>etium</strong></span> <span class='ocrx_word' id='word_1_21' title='bbox 546 773 761 876; x_wconf 64' lang='lat' dir='ltr'><strong>unuani&gt;</strong></span> <span class='ocrx_word' id='word_1_22' title='bbox 779 771 929 850; x_wconf 80' lang='lat' dir='ltr'><strong>lutereli</strong></span> <span class='ocrx_word' id='word_1_23' title='bbox 949 771 1090 878; x_wconf 82' lang='lat' dir='ltr'><strong>npieuli</strong></span> 
     </span>
     <span class='ocr_line' id='line_1_5' title="bbox 48 881 710 969; baseline 0.012 -9"><span class='ocrx_word' id='word_1_24' title='bbox 48 881 132 962; x_wconf 83' lang='lat' dir='ltr'><strong>ulbo.</strong></span> <span class='ocrx_word' id='word_1_25' title='bbox 181 891 353 969; x_wconf 78' lang='lat' dir='ltr'><em>Aculeus</em></span> <span class='ocrx_word' id='word_1_26' title='bbox 371 889 435 966; x_wconf 80' lang='lat' dir='ltr'><strong>vix</strong></span> <span class='ocrx_word' id='word_1_27' title='bbox 457 891 710 968; x_wconf 69' lang='lat' dir='ltr'><strong>subcruentus.</strong></span> 
     </span>
    </p>

    <p class='ocr_par' dir='ltr' id='par_1_3' title="bbox 44 1007 1091 1588">
     <span class='ocr_line' id='line_1_6' title="bbox 107 1007 1089 1114; baseline 0.01 -34"><span class='ocrx_word' id='word_1_28' title='bbox 107 1007 210 1084; x_wconf 82' lang='lat' dir='ltr'><strong>Duos</strong></span> <span class='ocrx_word' id='word_1_29' title='bbox 228 1033 352 1086; x_wconf 80' lang='lat' dir='ltr'><strong>mareu</strong></span> <span class='ocrx_word' id='word_1_30' title='bbox 370 1010 456 1114; x_wconf 86' lang='lat' dir='ltr'><strong>cepi</strong></span> <span class='ocrx_word' id='word_1_31' title='bbox 477 1011 669 1088; x_wconf 79' lang='lat' dir='ltr'><strong>mensibus</strong></span> <span class='ocrx_word' id='word_1_32' title='bbox 681 1009 797 1087; x_wconf 84' lang='lat' dir='ltr'><strong>Juniu</strong></span> <span class='ocrx_word' id='word_1_33' title='bbox 811 1024 851 1088; x_wconf 85' lang='lat' dir='ltr'><strong>et</strong></span> <span class='ocrx_word' id='word_1_34' title='bbox 863 1011 1089 1114; x_wconf 81' lang='lat' dir='ltr'><strong>Septembri,</strong></span> 
     </span>
     <span class='ocr_line' id='line_1_7' title="bbox 47 1117 1088 1234; baseline 0.012 -40"><span class='ocrx_word' id='word_1_35' title='bbox 47 1117 78 1198; x_wconf 89' lang='lat' dir='ltr'><strong>iu</strong></span> <span class='ocrx_word' id='word_1_36' title='bbox 93 1121 275 1206; x_wconf 77' lang='lat' dir='ltr'><strong>fruticetis</strong></span> <span class='ocrx_word' id='word_1_37' title='bbox 297 1155 419 1234; x_wconf 86' lang='lat' dir='ltr'><strong>prope</strong></span> <span class='ocrx_word' id='word_1_38' title='bbox 432 1130 691 1218; x_wconf 73' lang='lat' dir='ltr'><strong>Scieidnicltr</strong></span> <span class='ocrx_word' id='word_1_39' title='bbox 714 1155 834 1207; x_wconf 82' lang='lat' dir='ltr'><strong>meree</strong></span> <span class='ocrx_word' id='word_1_40' title='bbox 854 1145 894 1206; x_wconf 86' lang='lat' dir='ltr'><strong>et</strong></span> <span class='ocrx_word' id='word_1_41' title='bbox 914 1129 1088 1224; x_wconf 78' lang='lat' dir='ltr'><strong>feminee,</strong></span> 
     </span>
     <span class='ocr_line' id='line_1_8' title="bbox 46 1240 1091 1356; baseline 0.01 -37"><span class='ocrx_word' id='word_1_42' title='bbox 46 1240 128 1320; x_wconf 86' lang='lat' dir='ltr'><strong>circu</strong></span> <span class='ocrx_word' id='word_1_43' title='bbox 150 1249 390 1352; x_wconf 79' lang='lat' dir='ltr'><strong>Hirsciuberg</strong></span> <span class='ocrx_word' id='word_1_44' title='bbox 407 1265 447 1328; x_wconf 87' lang='lat' dir='ltr'><strong>et</strong></span> <span class='ocrx_word' id='word_1_45' title='bbox 467 1249 687 1330; x_wconf 71' lang='lat' dir='ltr'><strong>industrie</strong></span> <span class='ocrx_word' id='word_1_46' title='bbox 708 1251 829 1356; x_wconf 75' lang='lat' dir='ltr'><strong>capti,</strong></span> <span class='ocrx_word' id='word_1_47' title='bbox 855 1247 950 1327; x_wconf 85' lang='lat' dir='ltr'><strong>mihi</strong></span> <span class='ocrx_word' id='word_1_48' title='bbox 968 1265 1091 1328; x_wconf 78' lang='lat' dir='ltr'><strong>truns-</strong></span> 
     </span>
     <span class='ocr_line' id='line_1_9' title="bbox 44 1363 1090 1478; baseline 0.015 -42"><span class='ocrx_word' id='word_1_49' title='bbox 44 1363 132 1440; x_wconf 82' lang='lat' dir='ltr'><strong>nissi</strong></span> <span class='ocrx_word' id='word_1_50' title='bbox 156 1385 263 1462; x_wconf 79' lang='lat' dir='ltr'><strong>runt3</strong></span> <span class='ocrx_word' id='word_1_51' title='bbox 288 1394 359 1476; x_wconf 83' lang='lat' dir='ltr'><strong>pur</strong></span> <span class='ocrx_word' id='word_1_52' title='bbox 378 1377 666 1478; x_wconf 70' lang='lat' dir='ltr'><strong><em>pomeraniam</em></strong></span> <span class='ocrx_word' id='word_1_53' title='bbox 684 1369 764 1450; x_wconf 80' lang='lat' dir='ltr'><strong>viui</strong></span> <span class='ocrx_word' id='word_1_54' title='bbox 791 1369 832 1450; x_wconf 90' lang='lat' dir='ltr'><strong>in</strong></span> <span class='ocrx_word' id='word_1_55' title='bbox 857 1369 1090 1452; x_wconf 81' lang='lat' dir='ltr'><strong>collectione</strong></span> 
     </span>
     <span class='ocr_line' id='line_1_10' title="bbox 45 1481 170 1588; baseline 0.032 -26"><span class='ocrx_word' id='word_1_56' title='bbox 45 1481 170 1588; x_wconf 67' lang='lat' dir='ltr'><strong>unger.</strong></span> 
     </span>
    </p>
   </div>
   <div class='ocr_carea' id='block_1_3' title="bbox 439 1743 677 1824">
    <p class='ocr_par' dir='ltr' id='par_1_4' title="bbox 439 1743 677 1824">
     <span class='ocr_line' id='line_1_11' title="bbox 439 1743 677 1824; baseline -0.008 -2"><span class='ocrx_word' id='word_1_57' title='bbox 439 1743 677 1824; x_wconf 72' lang='lat' dir='ltr'><strong>Varietate</strong></span> 
     </span>
    </p>
   </div>
   <div class='ocr_carea' id='block_1_4' title="bbox 42 1897 1095 3080">
    <p class='ocr_par' dir='ltr' id='par_1_5' title="bbox 42 1897 1095 3080">
     <span class='ocr_line' id='line_1_12' title="bbox 107 1897 1091 2006; baseline 0.004 -30"><span class='ocrx_word' id='word_1_58' title='bbox 107 1901 137 1976; x_wconf 92' lang='lat'><strong>1.</strong></span> <span class='ocrx_word' id='word_1_59' title='bbox 163 1899 276 1990; x_wconf 84' lang='lat' dir='ltr'><strong>Mus,</strong></span> <span class='ocrx_word' id='word_1_60' title='bbox 289 1904 466 1976; x_wconf 80' lang='lat' dir='ltr'><strong>antennis</strong></span> <span class='ocrx_word' id='word_1_61' title='bbox 479 1897 780 1978; x_wconf 82' lang='lat' dir='ltr'><strong>ulbounnulutis.</strong></span> <span class='ocrx_word' id='word_1_62' title='bbox 805 1939 860 1960; x_wconf 88' lang='lat'><strong>-·-</strong></span> <span class='ocrx_word' id='word_1_63' title='bbox 885 1903 1016 2006; x_wconf 82' lang='lat' dir='ltr'><strong>Caput</strong></span> <span class='ocrx_word' id='word_1_64' title='bbox 1028 1903 1091 1980; x_wconf 81' lang='lat' dir='ltr'><strong>uel</strong></span> 
     </span>
     <span class='ocr_line' id='line_1_13' title="bbox 45 2009 1091 2124; baseline 0.014 -40"><span class='ocrx_word' id='word_1_65' title='bbox 45 2009 125 2091; x_wconf 81' lang='lat' dir='ltr'><strong>sicut</strong></span> <span class='ocrx_word' id='word_1_66' title='bbox 149 2017 190 2096; x_wconf 91' lang='lat' dir='ltr'><strong>in</strong></span> <span class='ocrx_word' id='word_1_67' title='bbox 216 2044 321 2096; x_wconf 80' lang='lat' dir='ltr'><strong>mure</strong></span> <span class='ocrx_word' id='word_1_68' title='bbox 345 2017 527 2122; x_wconf 84' lang='lat' dir='ltr'><strong>genuino,</strong></span> <span class='ocrx_word' id='word_1_69' title='bbox 555 2019 617 2097; x_wconf 85' lang='lat' dir='ltr'><strong>vel</strong></span> <span class='ocrx_word' id='word_1_70' title='bbox 638 2019 730 2096; x_wconf 82' lang='lat' dir='ltr'><strong>solis</strong></span> <span class='ocrx_word' id='word_1_71' title='bbox 750 2018 877 2124; x_wconf 81' lang='lat' dir='ltr'><strong>pulpis</strong></span> <span class='ocrx_word' id='word_1_72' title='bbox 897 2036 937 2096; x_wconf 90' lang='lat' dir='ltr'><strong>et</strong></span> <span class='ocrx_word' id='word_1_73' title='bbox 954 2020 1091 2099; x_wconf 86' lang='lat' dir='ltr'><strong>orbitis</strong></span> 
     </span>
     <span class='ocr_line' id='line_1_14' title="bbox 43 2135 1092 2240; baseline 0.01 -34"><span class='ocrx_word' id='word_1_74' title='bbox 43 2135 222 2216; x_wconf 88' lang='lat' dir='ltr'><strong>oculorum</strong></span> <span class='ocrx_word' id='word_1_75' title='bbox 239 2137 399 2216; x_wconf 74' lang='lat' dir='ltr'><strong>internis</strong></span> <span class='ocrx_word' id='word_1_76' title='bbox 413 2137 522 2214; x_wconf 82' lang='lat' dir='ltr'><strong>albis.</strong></span> <span class='ocrx_word' id='word_1_77' title='bbox 563 2142 768 2219; x_wconf 78' lang='lat' dir='ltr'><strong>Antennue</strong></span> <span class='ocrx_word' id='word_1_78' title='bbox 780 2138 840 2216; x_wconf 85' lang='lat' dir='ltr'><strong>vel</strong></span> <span class='ocrx_word' id='word_1_79' title='bbox 857 2137 986 2240; x_wconf 83' lang='lat' dir='ltr'><strong>nigrae</strong></span> <span class='ocrx_word' id='word_1_80' title='bbox 999 2142 1092 2216; x_wconf 83' lang='lat' dir='ltr'><strong>urti-</strong></span> 
     </span>
     <span class='ocr_line' id='line_1_15' title="bbox 44 2254 1089 2362; baseline 0.014 -39"><span class='ocrx_word' id='word_1_81' title='bbox 44 2254 123 2332; x_wconf 85' lang='lat' dir='ltr'><strong>culis</strong></span> <span class='ocrx_word' id='word_1_82' title='bbox 145 2267 192 2338; x_wconf 89' lang='lat'><strong>16</strong></span> <span class='ocrx_word' id='word_1_83' title='bbox 213 2272 258 2335; x_wconf 89' lang='lat' dir='ltr'><strong>et</strong></span> <span class='ocrx_word' id='word_1_84' title='bbox 280 2264 328 2337; x_wconf 87' lang='grc'><strong>17</strong></span> <span class='ocrx_word' id='word_1_85' title='bbox 348 2283 460 2361; x_wconf 76' lang='lat' dir='ltr'><strong>supra</strong></span> <span class='ocrx_word' id='word_1_86' title='bbox 487 2274 630 2362; x_wconf 87' lang='lat' dir='ltr'><strong>puncto</strong></span> <span class='ocrx_word' id='word_1_87' title='bbox 658 2259 764 2348; x_wconf 80' lang='lat' dir='ltr'><strong>ulb03</strong></span> <span class='ocrx_word' id='word_1_88' title='bbox 792 2257 855 2334; x_wconf 88' lang='lat' dir='ltr'><strong>vel</strong></span> <span class='ocrx_word' id='word_1_89' title='bbox 881 2257 1044 2335; x_wconf 76' lang='lat' dir='ltr'><strong>articulo</strong></span> <span class='ocrx_word' id='word_1_90' title='bbox 1069 2267 1089 2338; x_wconf 87' lang='lat'>1</span> 
     </span>
     <span class='ocr_line' id='line_1_16' title="bbox 43 2373 1091 2482; baseline 0.006 -34"><span class='ocrx_word' id='word_1_91' title='bbox 43 2373 173 2470; x_wconf 76' lang='lat' dir='ltr'><strong>subtus,</strong></span> <span class='ocrx_word' id='word_1_92' title='bbox 205 2386 373 2460; x_wconf 79' lang='lat'><strong>12-17</strong></span> <span class='ocrx_word' id='word_1_93' title='bbox 400 2405 530 2482; x_wconf 82' lang='lat' dir='ltr'><strong>supra,</strong></span> <span class='ocrx_word' id='word_1_94' title='bbox 557 2377 666 2454; x_wconf 81' lang='lat' dir='ltr'><strong>albis.</strong></span> <span class='ocrx_word' id='word_1_95' title='bbox 721 2377 891 2456; x_wconf 76' lang='lat' dir='ltr'><strong>Thorax</strong></span> <span class='ocrx_word' id='word_1_96' title='bbox 917 2378 980 2455; x_wconf 88' lang='lat' dir='ltr'><strong>vel</strong></span> <span class='ocrx_word' id='word_1_97' title='bbox 1006 2379 1091 2455; x_wconf 88' lang='lat' dir='ltr'><strong>solo</strong></span> 
     </span>
     <span class='ocr_line' id='line_1_17' title="bbox 44 2495 1091 2600; baseline 0.007 -32"><span class='ocrx_word' id='word_1_98' title='bbox 44 2513 167 2592; x_wconf 85' lang='lat' dir='ltr'><strong>puncto</strong></span> <span class='ocrx_word' id='word_1_99' title='bbox 195 2497 298 2578; x_wconf 82' lang='lat' dir='ltr'><strong>inire</strong></span> <span class='ocrx_word' id='word_1_100' title='bbox 327 2497 422 2588; x_wconf 78' lang='lat' dir='ltr'><strong>ulus,</strong></span> <span class='ocrx_word' id='word_1_101' title='bbox 455 2496 518 2575; x_wconf 86' lang='lat' dir='ltr'><strong>vel</strong></span> <span class='ocrx_word' id='word_1_102' title='bbox 546 2495 703 2600; x_wconf 80' lang='lat' dir='ltr'><strong>insuper</strong></span> <span class='ocrx_word' id='word_1_103' title='bbox 729 2498 871 2576; x_wconf 84' lang='lat' dir='ltr'><strong>lincoln</strong></span> <span class='ocrx_word' id='word_1_104' title='bbox 899 2514 987 2574; x_wconf 81' lang='lat' dir='ltr'><strong>unte</strong></span> <span class='ocrx_word' id='word_1_105' title='bbox 1012 2497 1091 2575; x_wconf 83' lang='lat' dir='ltr'><strong>ulus</strong></span> 
     </span>
     <span class='ocr_line' id='line_1_18' title="bbox 44 2615 1090 2722; baseline 0.009 -36"><span class='ocrx_word' id='word_1_106' title='bbox 44 2617 257 2722; x_wconf 80' lang='lat' dir='ltr'><strong>punctisque</strong></span> <span class='ocrx_word' id='word_1_107' title='bbox 270 2616 418 2694; x_wconf 80' lang='lat' dir='ltr'><strong>duobus</strong></span> <span class='ocrx_word' id='word_1_108' title='bbox 433 2615 622 2718; x_wconf 80' lang='lat' dir='ltr'><strong>contiguis</strong></span> <span class='ocrx_word' id='word_1_109' title='bbox 638 2615 734 2692; x_wconf 80' lang='lat' dir='ltr'><strong>inira</strong></span> <span class='ocrx_word' id='word_1_110' title='bbox 751 2617 965 2708; x_wconf 87' lang='lat' dir='ltr'><strong>scutellum,</strong></span> <span class='ocrx_word' id='word_1_111' title='bbox 981 2617 1090 2695; x_wconf 75' lang='lat' dir='ltr'><strong>albis.</strong></span> 
     </span>
     <span class='ocr_line' id='line_1_19' title="bbox 42 2729 1092 2840; baseline 0.01 -35"><span class='ocrx_word' id='word_1_112' title='bbox 42 2729 244 2816; x_wconf 81' lang='lat' dir='ltr'><strong>Scuteilum</strong></span> <span class='ocrx_word' id='word_1_113' title='bbox 260 2737 400 2812; x_wconf 83' lang='lat' dir='ltr'><strong>album.</strong></span> <span class='ocrx_word' id='word_1_114' title='bbox 453 2739 558 2818; x_wconf 83' lang='lat' dir='ltr'><strong>Alce</strong></span> <span class='ocrx_word' id='word_1_115' title='bbox 571 2751 610 2810; x_wconf 84' lang='lat' dir='ltr'><strong>et</strong></span> <span class='ocrx_word' id='word_1_116' title='bbox 621 2735 737 2840; x_wconf 82' lang='lat' dir='ltr'><strong>pedes</strong></span> <span class='ocrx_word' id='word_1_117' title='bbox 752 2737 851 2814; x_wconf 86' lang='lat' dir='ltr'><strong>sicut</strong></span> <span class='ocrx_word' id='word_1_118' title='bbox 872 2735 912 2810; x_wconf 91' lang='lat' dir='ltr'><strong>in</strong></span> <span class='ocrx_word' id='word_1_119' title='bbox 927 2737 1092 2816; x_wconf 80' lang='lat' dir='ltr'><strong>muribus</strong></span> 
     </span>
     <span class='ocr_line' id='line_1_20' title="bbox 42 2855 1094 2950; baseline 0.007 -24"><span class='ocrx_word' id='word_1_120' title='bbox 42 2857 219 2950; x_wconf 72' lang='lat' dir='ltr'><strong>genuinist</strong></span> <span class='ocrx_word' id='word_1_121' title='bbox 247 2857 289 2933; x_wconf 91' lang='lat' dir='ltr'><strong>in</strong></span> <span class='ocrx_word' id='word_1_122' title='bbox 303 2857 424 2934; x_wconf 82' lang='lat' dir='ltr'><strong>altero</strong></span> <span class='ocrx_word' id='word_1_123' title='bbox 437 2855 636 2933; x_wconf 88' lang='lat' dir='ltr'><strong>individuo</strong></span> <span class='ocrx_word' id='word_1_124' title='bbox 653 2872 779 2934; x_wconf 83' lang='lat' dir='ltr'><strong>nutem</strong></span> <span class='ocrx_word' id='word_1_125' title='bbox 801 2855 927 2932; x_wconf 81' lang='lat' dir='ltr'><strong>radice</strong></span> <span class='ocrx_word' id='word_1_126' title='bbox 948 2856 1094 2934; x_wconf 71' lang='lat' dir='ltr'><strong>ultrum</strong></span> 
     </span>
     <span class='ocr_line' id='line_1_21' title="bbox 42 2975 1095 3080; baseline 0.003 -30"><span class='ocrx_word' id='word_1_127' title='bbox 42 2975 206 3080; x_wconf 71' lang='lat' dir='ltr'><strong>curisque</strong></span> <span class='ocrx_word' id='word_1_128' title='bbox 223 2976 400 3054; x_wconf 82' lang='lat' dir='ltr'><strong>omnibus</strong></span> <span class='ocrx_word' id='word_1_129' title='bbox 414 2976 672 3080; x_wconf 80' lang='lat' dir='ltr'><strong>punctoulbo.</strong></span> <span class='ocrx_word' id='word_1_130' title='bbox 705 2975 911 3066; x_wconf 79' lang='lat' dir='ltr'><strong>Abdomen</strong></span> <span class='ocrx_word' id='word_1_131' title='bbox 925 3001 1095 3080; x_wconf 80' lang='lat' dir='ltr'><strong>segmen·</strong></span> 
     </span>
    </p>
   </div>
   <div class='ocr_carea' id='block_1_5' title="bbox 40 3087 1096 3414">
    <p class='ocr_par' dir='ltr' id='par_1_6' title="bbox 40 3087 1096 3414">
     <span class='ocr_line' id='line_1_22' title="bbox 41 3087 447 3201; baseline 0.022 -37"><span class='ocrx_word' id='word_1_132' title='bbox 41 3087 80 3166; x_wconf 75' lang='lat' dir='ltr'><strong>tis</strong></span> <span class='ocrx_word' id='word_1_133' title='bbox 101 3104 211 3179; x_wconf 83' lang='lat'><strong>1-4</strong></span> <span class='ocrx_word' id='word_1_134' title='bbox 233 3095 447 3201; x_wconf 78' lang='lat' dir='ltr'><strong>biguuatis.</strong></span> 
     </span>
     <span class='ocr_line' id='line_1_23' title="bbox 104 3213 1096 3319; baseline 0.003 -30"><span class='ocrx_word' id='word_1_135' title='bbox 104 3217 306 3296; x_wconf 76' lang='lat' dir='ltr'><strong>lndiviuuu</strong></span> <span class='ocrx_word' id='word_1_136' title='bbox 326 3218 421 3310; x_wconf 87' lang='lat' dir='ltr'><strong>duo,</strong></span> <span class='ocrx_word' id='word_1_137' title='bbox 448 3215 549 3294; x_wconf 88' lang='lat' dir='ltr'><strong>circu</strong></span> <span class='ocrx_word' id='word_1_138' title='bbox 568 3213 724 3296; x_wconf 82' lang='lat' dir='ltr'><strong>Abeunt</strong></span> <span class='ocrx_word' id='word_1_139' title='bbox 745 3227 875 3319; x_wconf 80' lang='lat' dir='ltr'><strong>cepte,</strong></span> <span class='ocrx_word' id='word_1_140' title='bbox 901 3213 1096 3318; x_wconf 79' lang='lat' dir='ltr'><strong>Suitlberg</strong></span> 
     </span>
     <span class='ocr_line' id='line_1_24' title="bbox 40 3335 248 3414; baseline 0.043 -9"><span class='ocrx_word' id='word_1_141' title='bbox 40 3335 248 3414; x_wconf 77' lang='lat' dir='ltr'><strong>transmisit.</strong></span> 
     </span>
    </p>
   </div>
   <div class='ocr_carea' id='block_1_6' title="bbox 336 3605 792 3714">
    <p class='ocr_par' dir='ltr' id='par_1_7' title="bbox 336 3605 792 3714">
     <span class='ocr_line' id='line_1_25' title="bbox 336 3605 792 3714; baseline -0.009 -24"><span class='ocrx_word' id='word_1_142' title='bbox 336 3609 602 3714; x_wconf 74' lang='lat' dir='ltr'><strong>synonyme</strong></span> <span class='ocrx_word' id='word_1_143' title='bbox 633 3605 792 3688; x_wconf 78' lang='lat' dir='ltr'><strong>marie:</strong></span> 
     </span>
    </p>
   </div>
   <div class='ocr_carea' id='block_1_7' title="bbox 40 3753 1097 4232">
    <p class='ocr_par' dir='ltr' id='par_1_8' title="bbox 40 3753 1094 3989">
     <span class='ocr_line' id='line_1_26' title="bbox 40 3753 1093 3868; baseline 0.006 -32"><span class='ocrx_word' id='word_1_144' title='bbox 40 3753 137 3842; x_wconf 76' lang='lat' dir='ltr'><strong>Ictu</strong></span> <span class='ocrx_word' id='word_1_145' title='bbox 165 3763 456 3866; x_wconf 72' lang='lat' dir='ltr'><strong>designatorem</strong></span> <span class='ocrx_word' id='word_1_146' title='bbox 479 3764 590 3842; x_wconf 79' lang='lat' dir='ltr'><strong>Lirin.</strong></span> <span class='ocrx_word' id='word_1_147' title='bbox 619 3763 749 3838; x_wconf 77' lang='lat' dir='ltr'><strong>Fauna</strong></span> <span class='ocrx_word' id='word_1_148' title='bbox 776 3789 813 3842; x_wconf 91' lang='lat' dir='ltr'><strong>n.</strong></span> <span class='ocrx_word' id='word_1_149' title='bbox 846 3763 961 3854; x_wconf 63' lang='lat' dir='ltr'><strong>tucn</strong></span> <span class='ocrx_word' id='word_1_150' title='bbox 984 3765 1093 3868; x_wconf 75' lang='lat' dir='ltr'><strong>·Syst&#39;.</strong></span> 
     </span>
     <span class='ocr_line' id='line_1_27' title="bbox 242 3882 1094 3989; baseline 0 -27"><span class='ocrx_word' id='word_1_151' title='bbox 242 3885 336 3975; x_wconf 87' lang='lat' dir='ltr'>XII,</span> <span class='ocrx_word' id='word_1_152' title='bbox 363 3911 402 3987; x_wconf 86' lang='lat' dir='ltr'><strong>p.</strong></span> <span class='ocrx_word' id='word_1_153' title='bbox 418 3893 513 3976; x_wconf 75' lang='lat'><strong>⁹32,</strong></span> <span class='ocrx_word' id='word_1_154' title='bbox 540 3911 577 3960; x_wconf 92' lang='lat' dir='ltr'><strong>n.</strong></span> <span class='ocrx_word' id='word_1_155' title='bbox 600 3891 667 3974; x_wconf 73' lang='lat'><strong>183</strong></span> <span class='ocrx_word' id='word_1_156' title='bbox 692 3882 872 3987; x_wconf 79' lang='lat' dir='ltr'><strong>frequens</strong></span> <span class='ocrx_word' id='word_1_157' title='bbox 892 3885 994 3989; x_wconf 80' lang='lat' dir='ltr'><strong>apud</strong></span> <span class='ocrx_word' id='word_1_158' title='bbox 1014 3911 1094 3962; x_wconf 80' lang='lat' dir='ltr'><strong>nou.</strong></span> 
     </span>
    </p>

    <p class='ocr_par' dir='ltr' id='par_1_9' title="bbox 83 4003 1097 4232">
     <span class='ocr_line' id='line_1_28' title="bbox 83 4003 1095 4108; baseline -0.001 -27"><span class='ocrx_word' id='word_1_159' title='bbox 83 4054 105 4095; x_wconf 87' lang='lat'><strong>„</strong></span> <span class='ocrx_word' id='word_1_160' title='bbox 155 4003 267 4084; x_wconf 68' lang='lat' dir='ltr'><strong>rubr.</strong></span> <span class='ocrx_word' id='word_1_161' title='bbox 297 4006 396 4107; x_wconf 77' lang='lat' dir='ltr'><strong>syn.</strong></span> <span class='ocrx_word' id='word_1_162' title='bbox 425 4029 464 4108; x_wconf 83' lang='lat' dir='ltr'><strong>p.</strong></span> <span class='ocrx_word' id='word_1_163' title='bbox 484 4012 578 4094; x_wconf 74' lang='grc'><strong>851,</strong></span> <span class='ocrx_word' id='word_1_164' title='bbox 607 4031 645 4080; x_wconf 88' lang='grc' dir='ltr'><strong>ιι.</strong></span> <span class='ocrx_word' id='word_1_165' title='bbox 666 4013 730 4084; x_wconf 71' lang='lat'><strong>28.</strong></span> <span class='ocrx_word' id='word_1_166' title='bbox 758 4045 811 4064; x_wconf 84' lang='lat'><strong>-·-</strong></span> <span class='ocrx_word' id='word_1_167' title='bbox 842 4003 942 4082; x_wconf 84' lang='lat' dir='ltr'><strong>Pien.</strong></span> <span class='ocrx_word' id='word_1_168' title='bbox 971 4031 1009 4108; x_wconf 84' lang='lat' dir='ltr'><strong>p.</strong></span> <span class='ocrx_word' id='word_1_169' title='bbox 1033 4011 1095 4096; x_wconf 71' lang='grc'><strong>63,</strong></span> 
     </span>
     <span class='ocr_line' id='line_1_29' title="bbox 241 4123 1097 4232; baseline -0.001 -29"><span class='ocrx_word' id='word_1_170' title='bbox 241 4153 279 4204; x_wconf 91' lang='grc' dir='ltr'><strong>ιι.</strong></span> <span class='ocrx_word' id='word_1_171' title='bbox 304 4127 448 4207; x_wconf 79' lang='grc'><strong>44.·-</strong></span> <span class='ocrx_word' id='word_1_172' title='bbox 471 4123 591 4202; x_wconf 75' lang='lat' dir='ltr'><strong>Mnnt.</strong></span> <span class='ocrx_word' id='word_1_173' title='bbox 617 4125 655 4216; x_wconf 88' lang='lat'><strong>1,</strong></span> <span class='ocrx_word' id='word_1_174' title='bbox 681 4149 720 4232; x_wconf 84' lang='lat' dir='ltr'><strong>p.</strong></span> <span class='ocrx_word' id='word_1_175' title='bbox 743 4133 840 4218; x_wconf 67' lang='lat' dir='ltr'><strong>m,</strong></span> <span class='ocrx_word' id='word_1_176' title='bbox 868 4151 907 4202; x_wconf 66' lang='lat' dir='ltr'><strong>n·</strong></span> <span class='ocrx_word' id='word_1_177' title='bbox 927 4133 998 4216; x_wconf 69' lang='lat'><strong>293</strong></span> <span class='ocrx_word' id='word_1_178' title='bbox 1030 4149 1097 4202; x_wconf 82' lang='lat' dir='ltr'><strong>uu·</strong></span> 
     </span>
    </p>
   </div>
   <div class='ocr_carea' id='block_1_8' title="bbox 0 0 1342 4816">
    <p class='ocr_par' dir='ltr' id='par_1_10' title="bbox 0 0 1342 4816">
     <span class='ocr_line' id='line_1_30' title="bbox 0 0 1342 4816; baseline 0 1"><span class='ocrx_word' id='word_1_179' title='bbox 0 0 1342 4816; x_wconf 95' lang='lat' dir='ltr'><strong> </strong></span> 
     </span>
    </p>
   </div>
  </div>
 </body>
</html>
