2698 4802
222 356 274 428 78
656 355 705 407 rr.
733 348 857 402 anae.

215 531 355 642 primis
371 518 532 612 areolae,
552 518 717 596 cellulae
732 509 924 590 interioris
938 523 977 585 et
992 507 1155 584 cellulae
1168 506 1304 583 radia-

217 659 271 735 'lis
287 654 471 731 rationem
487 639 701 728 habuerim,
729 634 848 712 dehis
863 629 1045 733 quaedam
1066 626 1189 701 adhuc
1203 652 1304 728 pro-
1342 674 1346 718 2

223 781 325 855 ferre
342 771 435 849 mihi
460 767 593 843 liceat:
638 759 790 836 Gallula
814 753 981 830 radicalis
1010 747 1185 852 plurimis
1207 775 1305 850 spe-

225 899 356 976 ciebus
371 883 585 969 lanceolata
598 896 657 957 est
670 893 709 954 et
725 871 982 976 magnitudine
997 867 1198 954 mediocri;
1221 870 1302 944 Po-

219 1016 414 1096 rizonibus
430 1003 650 1101 autem(s1g.
666 1003 711 1099 2)
726 1018 937 1102 permagna,
956 986 1211 1090 triangularis,
1228 1014 1302 1064 an-

224 1139 314 1242 gulo
328 1129 510 1209 interiore
523 1139 639 1212 recte,
660 1121 700 1193 in
714 1116 840 1191 medio
855 1110 950 1186 disci
966 1109 1048 1183 alae
1064 1107 1151 1182 sito.
1207 1111 1300 1187 cel.

224 1263 309 1340 lulo
338 1255 499 1330 interior
527 1247 592 1344 (7)
622 1239 800 1324 maxima,
837 1259 858 1309 e
886 1228 1093 1306 coalitione
1125 1225 1297 1303 cellulae

223 1373 402 1456 cubitalis
435 1364 626 1443 interioris
660 1374 700 1436 et
731 1353 895 1431 cellulae
934 1347 1152 1423 discoidalis
1191 1347 1299 1424 inte-
1342 1405 1347 1430 ,

222 1493 339 1574 rioris
371 1491 392 1588 (
418 1547 426 1562 .
449 1489 494 1590 y)
521 1500 604 1561 orta
633 1496 708 1569 est,
737 1499 852 1552 nervo
879 1468 1090 1554 dividente,
1126 1463 1193 1567 qui
1219 1461 1294 1540 bas

219 1618 317 1693 duas
351 1607 510 1686 cellulas
540 1604 738 1705 sejungere
764 1595 936 1679 deberet,
971 1612 1110 1688 easque
1138 1583 1178 1660 in
1207 1583 1299 1660 aliie

223 1726 507 1839 hymenopteris
542 1725 655 1800 etiam
689 1716 858 1821 perfecte
892 1706 1073 1810 sejungit,
1107 1703 1298 1781 extincto.

225 1856 421 1954 Plerisque
448 1865 574 1922 tamen
605 1839 801 1944 speciebus
827 1830 1029 1930 vestigium
1051 1824 1156 1899 illius
1185 1825 1300 1900 nervi

220 1975 429 2053 dividentis
465 1970 544 2068 (z),
580 1959 788 2039 obsoletius
826 1969 891 2027 aut
924 1945 1157 2032 distinctius,
1201 1969 1301 2020 con-

225 2099 403 2203 spicitur,
432 2115 569 2189 nempe
583 2086 622 2160 in
638 2079 833 2184 superiore
854 2071 967 2171 hujus
990 2065 1154 2143 cellulae
1170 2083 1298 2165 parte,

224 2222 293 2297 ubi
328 2241 463 2292 nervus
497 2211 565 2284 ille
599 2229 685 2278 cum
718 2199 812 2283 alio,
850 2192 896 2265 ab
928 2215 974 2264 eo
1008 2210 1136 2264 versus
1169 2185 1301 2260 cellu.

225 2345 304 2418 larn
342 2335 529 2438 posticam
569 2319 787 2398 interiorem
828 2322 1062 2395 recurrente,
1110 2307 1300 2406 angulum

226 2460 433 2537 acutiorem
454 2464 518 2524 aut
533 2438 767 2519 obtusiorem
790 2430 969 2507 exhibere
991 2427 1099 2503 solet.
1155 2427 1297 2502 Rarius

224 2581 299 2657 boc
333 2575 437 2652 nervi
471 2561 672 2642 dividentis
705 2555 960 2632 rudimentum
987 2546 1181 2650 usquead
1212 2575 1301 2624 me.

225 2702 333 2776 dium
349 2693 513 2770 cellulae
529 2681 719 2760 interioris
735 2672 911 2760 excurrit,
929 2699 961 2746 e.
980 2697 1012 2771 g.
1030 2668 1068 2742 in
1082 2666 1302 2768 Tryphone

226 2819 434 2903 maculato,
469 2808 664 2884 Lissonota
696 2795 854 2881 dorsali,
889 2791 1034 2890 Pimpla
1061 2787 1303 2866 decimatore

225 2944 309 3043 (fig.
322 2941 384 3038 3);
410 2934 635 3038 plerumque
650 2920 832 3024 perbreve
847 2921 996 3001 esttaut
1012 2908 1170 3010 angulus
1187 2910 1301 2986 solus

224 3068 358 3144 locum
371 3056 525 3139 indicat,
548 3047 645 3123 unde
660 3062 859 3117 excurrere
874 3034 1046 3118 deberet;
1074 3028 1214 3104 deinde
1229 3059 1304 3108 an.

226 3189 338 3290 gulos
365 3199 517 3282 quoque
540 3163 746 3249 evanescit,
774 3173 814 3233 et
837 3178 989 3239 nervus,
1019 3149 1084 3252 qui
1110 3149 1303 3228 cellulam

227 3309 413 3383 internam
435 3325 454 3371 a
476 3291 615 3369 cellula
634 3276 833 3359 discoidali
861 3271 1083 3348 intermedia
1112 3269 1301 3372 sejungit,

228 3449 355 3502 arcum
384 3415 537 3494 exhibet
556 3411 643 3510 plus
672 3403 795 3476 minus
823 3411 1033 3482 arcuatum,
1060 3391 1183 3465 donec
1210 3407 1304 3469 tan.

228 3545 331 3628 dem,
359 3567 391 3613 e.
409 3561 441 3636 g.
461 3532 501 3605 in
516 3523 760 3602 Porizonibus
782 3521 863 3619 (fig.
882 3519 945 3615 2),
973 3539 1081 3588 arcus
1097 3512 1136 3585 in
1151 3511 1304 3590 lineam

226 3677 368 3745 rectam
382 3649 533 3738 transit,
562 3669 748 3744 omneque
769 3638 971 3738 vestigium
993 3633 1097 3708 nervi
1119 3631 1305 3710 dividen-

226 3786 276 3861 tis
307 3779 548 3855 obliteratum
575 3782 641 3843 est.
697 3764 844 3840 Areola
869 3755 1061 3832 nonnullis
1091 3751 1303 3853 speciebus

227 3921 267 3983 et
287 3897 486 4006 generibus
515 3893 636 3974 deest3
665 3883 849 3988 plurimae
877 3894 1000 3952 autem
1024 3901 1066 3950 ea
1085 3872 1305 3952 instructae

227 4035 326 4099 sunt.
383 4015 575 4114 Quaedam
598 4007 741 4110 species
764 3998 968 4076 individuis
998 3995 1143 4072 variant
1164 3998 1304 4071 areola

226 4142 405 4220 dictincta
425 4151 491 4212 aut
511 4155 683 4237 prorsum
704 4126 821 4201 nulla.
876 4124 959 4194 Imo
972 4129 1178 4193 occurrunt
1194 4113 1304 4191 indi-
