2666 4812
228 337 306 434 548
625 331 896 420 inauratior

229 539 449 620 varietatem
471 543 496 614 7
517 534 636 640 ipsam
653 559 724 636 pro
739 559 841 610 mare
855 529 1123 610 ichneumonis
1134 535 1276 610 comitu-

229 665 329 741 torr's
341 657 557 746 habueram,
584 654 679 732 licet
692 654 786 732 haec
799 651 1022 755 conjunctio
1037 651 1130 727 mihi
1146 677 1278 753 semper

229 793 403 883 suspecta
419 789 528 865 esset,
544 801 628 849 cum
646 773 809 848 feminae
824 772 950 872 (lehn.
965 772 1183 874 comitator)
1199 796 1280 846 nun·

231 925 343 1004 quarn
372 899 412 974 iu
440 893 578 970 nostris
612 892 831 994 regionibus
868 887 1141 998 reperirentur,
1173 913 1277 965 maras

229 1019 354 1120 (chn.
372 1015 564 1120 sputator)
586 1027 710 1086 autem
733 1009 951 1111 frequentes
973 1027 1111 1088 essent.
1165 997 1278 1086 Eser·

229 1139 349 1214 tentia
374 1131 642 1235 Trentepohiii
666 1131 809 1230 (lteris.
831 1153 868 1232 p.
896 1131 964 1230 to)
985 1129 1094 1209 Iclrn.
1114 1145 1279 1234 sputotor

228 1273 267 1335 et
286 1257 395 1334 chn.
420 1257 663 1355 culpatorius
681 1250 721 1325 in
740 1275 872 1327 museo
885 1249 1112 1354 Fabriciano
1129 1253 1170 1329 in
1184 1273 1277 1327 unam

229 1377 396 1481 speciem
416 1371 600 1478 jungendi
624 1367 723 1448 sunt'.
760 1367 764 1374 ’

551 1669 629 1733 aar.
670 1655 698 1726 1.
721 1622 972 1730 corrasor.
1056 1653 1058 1658 ·

431 1829 532 1896 Coxis
551 1828 691 1917 posticis
709 1827 897 1908 obiceretis,
923 1825 1104 1916 segmentis
1124 1841 1146 1904 2
1166 1837 1227 1900 ets
1242 1824 1276 1890 ti·

428 1931 737 2098 plipzquefcmmneb
751 1940 806 1996 aut
816 1928 915 2012 rufis,
937 1927 1064 1999 annulo
1079 1941 1276 1996 antennarum

305 2205 476 2283 Statura
498 2221 538 2282 et
557 2202 758 2308 proportio
780 2203 945 2306 partium
965 2204 1133 2281 feminac
1149 2216 1277 2278 antece·

226 2326 369 2413 dentis,
398 2325 463 2400 red
485 2325 687 2400 abdomine
706 2324 818 2427 apice
838 2323 1025 2414 acutiore,
1059 2316 1278 2426 coxisposti·

227 2447 282 2521 cis
306 2445 523 2534 calcaratis‚
551 2443 694 2520 differt.

302 2563 653 2662 longitud05—7
669 2561 867 2638 linearum.
920 2557 1275 2640 Antannuedimidio

227 2705 389 2783 corpore
403 2681 606 2782 longiores,
635 2681 743 2783 apice
759 2697 954 2771 curvatae3
982 2684 1156 2759 articulis
1170 2680 1276 2764 9-14

226 2815 292 2876 aut
309 2807 460 2879 10-14
474 2802 595 2916 tribus
609 2801 792 2876 lateribus
809 2800 916 2876 albis.
965 2801 1138 2881 Thorax
1151 2801 1274 2906 gibbus.

231 2925 335 3001 Aloe
375 2919 718 3023 fumatohyalinae,
753 2920 927 3022 stigmate
960 2920 1047 2996 ruio
1082 2939 1149 3000 aut
1179 2921 1274 3000 sulm.

226 3042 332 3118 radio
353 3040 478 3132 fusco,
507 3041 634 3118 radice
654 3055 693 3115 et
708 3040 903 3144 squamula
920 3041 1048 3143 nigris.
1104 3043 1221 3123 Pedes
1232 3035 1275 3113 ni·

226 3161 302 3264 gri3
324 3162 428 3237 coxis
445 3159 602 3264 posticis
620 3161 752 3236 subtus
763 3161 877 3237 dente
891 3162 1019 3237 valido
1033 3156 1274 3239 obtusiusculo

226 3281 398 3370 armatis;
425 3280 632 3357 femoribus
647 3279 900 3356 anterioribus
920 3282 1028 3383 apice
1042 3297 1208 3358 testaceo
1225 3285 1274 3350 aui

225 3399 459 3490 rufesccnte3
498 3402 604 3477 tibiis
637 3403 728 3476 rufis
763 3415 829 3475 aut
862 3401 1066 3492 castaneis,
1104 3399 1272 3476 interdum

225 3518 532 3612 fuscocastaneis,
559 3520 814 3598 anterioribus
830 3521 962 3596 subtus
976 3520 1109 3612 fulvis,
1137 3513 1273 3626 posticis

227 3637 416 3714 interdum
441 3667 588 3717 summo
609 3641 718 3745 apice
741 3640 868 3742 nigro,
894 3635 1006 3717 tarsis
1029 3640 1163 3730 fuscis,
1189 3649 1273 3714 ante·

225 3755 390 3833 rioribus
420 3761 550 3836 subtus
580 3759 860 3864 pallidioribus.
936 3759 1140 3838 Abdomen
1167 3755 1272 3856 capite

225 3875 634 3982 thoracequelongius,
662 3879 828 3956 thoracis
842 3869 1055 3970 latitudine,
1084 3879 1190 3982 apice
1203 3869 1271 3948 sub

225 3996 507 4078 obtusiusculos
543 3999 745 4100 segmentis
773 4010 798 4078 2
826 4009 911 4079 eto
939 3999 1139 4090 castaneis,
1170 3991 1269 4074 rarius

224 4117 327 4193 rufis.
382 4119 553 4197 Aculeus
572 4119 815 4197 absconditus
833 4111 901 4197 aut
921 4119 1172 4199 subexsertus.
