2704 4806
222 329 249 404 6
512 339 731 397 nrsronrs
761 339 998 396 consonas

206 506 327 610 ejus,
359 529 435 582 non
464 505 589 582 solum
614 503 818 607 descripsit
841 504 909 582 sed
935 502 1051 582 etiam
1078 501 1125 576 ad
1151 499 1306 580 distin·

225 626 371 728 gueuda
391 652 527 726 genera
547 624 721 700 adhibuit
741 624 795 723 (v.
813 651 846 700 c.
862 625 1000 727 Pepsin
1015 640 1055 700 et
1069 621 1304 724 Ophiouem

225 747 360 850 pagina
396 756 444 824 12
476 746 596 820 sorma
630 743 777 820 diversa
815 746 1052 822 cellularum'
1080 741 1304 843 distinxit).

226 867 395 941 Tabulae
407 889 538 942 omnes
554 864 851 965 descriptionum
867 867 1101 940 Insectorum
1116 861 1306 964 probant,

226 1001 420 1061 auctorem
436 984 596 1060 cellulas
614 985 704 1060 istas
719 983 923 1084 praecipue
942 983 1162 1085 respexisse.
1218 983 1309 1060 Sed

227 1105 422 1181 coaetanei
443 1103 543 1204 ejus,
572 1103 695 1205 etqui
715 1103 832 1204 paulo
854 1117 942 1204 post
967 1129 1054 1178 eum
1077 1101 1312 1179 scribebant

229 1222 493 1325 Entomologi‚
542 1237 667 1325 partes
711 1221 799 1296 illas
842 1221 998 1296 omnino
1036 1221 1309 1324 negligebant,

227 1340 367 1429 donec,
395 1367 525 1418 versus
546 1343 660 1418 finem
677 1342 793 1444 hujus
816 1357 856 1420 et
878 1341 989 1415 initio
1005 1341 1197 1443 sequentis
1213 1367 1313 1420 sae-

230 1459 327 1548 culi,
355 1461 552 1536 Fabricius
579 1477 618 1537 et
638 1463 787 1554 Jurine,
815 1462 884 1537 ille
903 1460 1162 1536 instrumentis
1189 1461 1313 1539 ciba-

229 1578 314 1667 riis,
349 1578 412 1656 hic
441 1581 584 1656 alarum
611 1582 780 1671 cellulis,
815 1581 860 1655 ad
896 1580 1120 1657 stabilienda
1154 1605 1311 1680 genera

229 1697 289 1772 usi
307 1714 405 1775 sunt.
458 1701 602 1777 Auctor
619 1704 790 1777 laudatus
810 1700 979 1802 plurium
1000 1698 1316 1780 ichneumonum

230 1818 553 1922 metamorphosin
573 1820 669 1899 vidit
690 1835 729 1895 et
748 1819 962 1921 descripsit.
1014 1821 1060 1893 In
1073 1818 1253 1894 fasciculi
1271 1823 1316 1901 V

231 1936 365 2037 pagina
381 1938 586 2017 34.Frisch
605 1942 765 2014 miratur
785 1966 956 2040 magnam
978 1939 1127 2040 copiam
1150 1941 1317 2040 specie-

232 2078 316 2127 rum
342 2059 490 2155 generis
516 2057 830 2146 lchneumonum,
859 2057 1134 2158 gloriaturque,
1167 2083 1208 2135 se
1236 2059 1318 2140 hic

231 2170 307 2270 jam
341 2172 525 2249 decimam
560 2193 702 2252 sextam
736 2203 864 2254 earum
902 2177 1128 2252 describere.
1194 2179 1320 2262 Bone

232 2290 397 2381 Frischi,
427 2295 518 2395 quid
534 2294 648 2371 hodie
661 2296 825 2372 diceres!
851 2339 904 2355 ·-
931 2295 1168 2372 Decennium
1184 2323 1321 2397 quar.

232 2421 314 2484 tum
334 2413 549 2489 nominibus
574 2415 739 2492 Linnoei
758 2431 797 2491 et
819 2417 1044 2492 Beuumurii
1062 2415 1318 2500 celebratum

233 2545 301 2606 est.
357 2533 430 2608 Ille
448 2559 547 2609 anno
569 2537 669 2615 1735
685 2537 854 2637 Systema
874 2562 982 2610 suum
1005 2549 1159 2608 naturae
1171 2536 1319 2635 primo

234 2649 387 2740 edebat,
422 2669 461 2728 et
494 2654 534 2730 in
566 2656 700 2731 ordine
736 2654 902 2732 secundo
934 2655 1189 2742 Insectorum,
1224 2659 1324 2738 An.

234 2769 403 2872 gioptera
419 2772 465 2870 (i.
481 2798 514 2848 e.
532 2773 720 2864 Glossata,
743 2777 992 2875 Neuroptera,
1018 2773 1324 2875 Hymenoptem

234 2905 273 2965 et
311 2891 498 2994 Diptera)
550 2893 786 2981 continente,
834 2919 950 2993 genus
986 2891 1323 2996 lchneumonum‚

236 3014 381 3087 »cauda
401 3012 535 3087 aculeo
551 3011 712 3111 partito,
739 3011 810 3086 alis
826 3025 1037 3113 quatuor,s
1065 3012 1322 3112 designabat,

234 3131 427 3208 Praeterea
449 3153 621 3230 quoque,
647 3155 746 3204 anno
766 3145 963 3232 sequente,
991 3130 1032 3204 in
1050 3130 1152 3205 Actis
1174 3141 1327 3216 sueci-

236 3248 306 3337 cis,
342 3249 518 3324 animalia
545 3275 616 3350 per
641 3249 812 3328 Sueciam
844 3251 1040 3326 observata
1066 3253 1325 3358 recensebat,

235 3365 335 3443 inter
355 3393 451 3470 quae
473 3368 586 3444 etiam
600 3367 876 3445 lchneumones
898 3369 1091 3471 quosdam.
1119 3413 1171 3426 -
1199 3373 1326 3468 Quis

235 3502 360 3562 autem
381 3486 481 3562 haud
505 3503 678 3564 nosceret
704 3490 1040 3565 commentationes
1062 3492 1329 3598 decumus-1⁶1⁹,

236 3606 447 3709 quantitate
474 3608 724 3710 etqualitate
752 3609 1058 3685 observationum
1086 3622 1124 3682 et
1146 3623 1329 3712 experi-

234 3741 463 3816 mentorum,
490 3726 590 3802 circa
609 3727 807 3804 historiam
832 3729 1040 3805 naturalem
1067 3727 1327 3822 insectorum

236 3847 515 3938 institutorum,
547 3863 793 3950 praestantes.
846 3854 988 3924 Auctor
1019 3848 1132 3922 etiam
1165 3849 1327 3950 plures

235 3966 522 4058 lchneumones,
546 3992 754 4072 eorumque
767 3983 893 4043 ortum
909 3983 949 4046 et
962 3965 1327 4078 metamorphosin,

234 4087 447 4192 descripsit.
475 4127 527 4148 ·-·
553 4089 597 4163 In
625 4087 812 4164 decennio
831 4085 968 4189 quinto
986 4087 1179 4164 Linaoeus
1209 4115 1329 4178 con.
