2666 4812
610 295 885 351 tcttttatttttott

478 643 553 706 260·
598 629 626 698 1.
649 631 1030 702 ERYTHROCERUS·

421 819 584 886 Antennis
602 819 743 907 pedibus
762 843 825 888 nec
846 841 918 887 non
937 829 1276 910 segmentorommer·

422 920 557 1010 ginibus
583 918 676 988 ruiis.
718 945 765 988 m.

297 1127 468 1206 Statura
488 1125 668 1231 gracilior
689 1142 748 1204 est
768 1155 881 1232 quam
902 1128 942 1204 in
967 1152 1070 1204 mare
1089 1124 1275 1204 Johneom.

219 1253 466 1352 pusittatorts
510 1261 549 1324 et
585 1247 626 1324 in
653 1247 829 1326 omnibus
859 1247 974 1354 hujus
1006 1246 1174 1324 familiae
1199 1271 1278 1348 spe-

220 1370 362 1447 ciebus.

297 1486 521 1589 Longitudo
541 1495 566 1564 2
587 1485 785 1565 linearum.
841 1492 971 1592 Caput
983 1513 1049 1564 ore
1069 1485 1276 1564 straminea.

220 1613 424 1687 Antennae
444 1623 659 1711 porrectae,
688 1607 896 1699 fitisormes,
924 1609 1102 1716 graciles,
1129 1605 1278 1682 dimidio

221 1754 382 1832 corpore
402 1727 612 1829 longiores,
640 1727 981 1830 rusoserrugineae,
1010 1755 1122 1831 supra
1149 1727 1278 1802 obscu-

221 1849 354 1924 riores.
421 1847 590 1924 Thorax
614 1847 1017 1952 gibbulocylindricus.
1083 1851 1279 1926 Aloeme·

222 1969 388 2057 diocres‚
432 1966 841 2069 subsumatohyalinae,
891 1967 1064 2070 stigmate
1104 1983 1141 2042 et
1183 1965 1278 2042 radio

221 2090 358 2192 piceis,
386 2087 513 2162 radice
535 2101 574 2162 et
594 2089 789 2190 squantula
805 2087 1134 2176 ssavostramineis,
1161 2087 1277 2165 areola

221 2209 455 2310 triangulari.
511 2207 634 2283 Pedes
656 2209 886 2311 subgraciles
908 2209 996 2297 rufi,
1026 2209 1130 2283 coxis
1152 2225 1192 2284 et
1211 2226 1279 2285 tro·

222 2329 463 2406 chanteribus
485 2327 714 2416 stramineis3
743 2328 881 2430 postici
903 2328 1005 2403 coxis
1025 2329 1140 2432 paulo
1153 2332 1278 2408 obscu-

220 2451 404 2539 rioribus,
447 2447 632 2522 semorum
661 2462 700 2521 et
725 2447 902 2522 tibiarum
933 2449 1040 2551 apice
1068 2448 1278 2552 nigricante,

221 2568 422 2648 Abdomen
445 2567 568 2670 capite
591 2567 823 2669 thoraceque
843 2567 992 2670 longius
1013 2583 1052 2644 et
1076 2570 1277 2671 angustius3

223 2703 416 2790 segmento
443 2697 461 2766 1
484 2685 719 2777 laetissimo,
754 2703 861 2788 parte
889 2688 1012 2763 antica
1039 2688 1141 2763 haud
1171 2689 1277 2791 duplo

221 2810 357 2886 latiore
379 2836 490 2911 quam
513 2807 699 2910 petiolus3
733 2813 850 2885 2-6
873 2807 1085 2909 quadratis,
1111 2807 1277 2912 inargini·

220 2932 290 3006 bus
312 2927 624 3004 rufostramineis.

299 3051 445 3124 Marem
487 3048 640 3123 unicum
680 3051 869 3150 gallicum
915 3049 1156 3150 Brongniort
1197 3041 1275 3124 mihi

220 3169 438 3246 transmisit.

633 3409 872 3486 Varietas:

301 3589 334 3657 1.
366 3585 489 3657 Coxis
511 3598 548 3658 et
569 3580 880 3658 trochonteribos
893 3586 1026 3679 nigris.
1056 3607 1104 3654 m.
1127 3579 1275 3654 —Lorr

220 3698 360 3798 gitudo
393 3701 473 3778 sere
507 3714 531 3780 3
565 3702 762 3778 linearum.
833 3707 962 3804 Caput
996 3701 1120 3800 palpia
1160 3695 1270 3774 fuscis.

221 3821 426 3896 Antennae
447 3820 608 3895 articulo
634 3831 652 3897 1
674 3837 756 3896 toto
787 3821 911 3920 nigro,
942 3819 1186 3921 sequentibus
1213 3815 1272 3886 ser·

221 3938 388 4039 ragineis
418 3965 529 4040 supra
551 3939 685 4028 fuscis,
723 3941 868 4014 ultimis
890 3940 980 4014 totis
1002 3939 1132 4015 suscis.
1184 3937 1270 4014 Aloe

222 4059 321 4133 sicut
336 4059 375 4133 in
391 4086 491 4135 mare
506 4059 684 4162 genuino.
738 4059 861 4138 Pedes
878 4058 1153 4150 testaceosulvi,
1179 4053 1266 4130 coxis
