2698 4802
226 329 278 401 82
640 337 702 390 vu.
732 337 874 388 reuss.

225 505 445 586 machorum
474 517 600 580 autem
627 501 789 580 vidimus
815 503 893 576 alas
918 502 1057 578 sensim
1079 499 1308 602 sensimque

227 629 464 714 decrescere,
492 625 545 700 ita
566 637 608 698 ut
626 622 861 698 nullomodo
878 620 1009 694 volatu
1028 618 1187 695 idoneae
1210 621 1305 711 siut,

227 746 456 846 tandemque
478 743 560 846 ipsa
581 741 793 817 rudimenta
808 739 1020 815 laevissima
1041 765 1168 815 earum
1182 740 1308 841 plane

227 879 464 944 evanescant.
519 860 591 936 Sed
617 875 805 934 structura
831 856 965 933 harum
991 859 1134 934 alarum
1155 859 1308 962 imper·

227 987 423 1075 festarum,
451 980 679 1069 etcellulae,
708 993 890 1081 quantum
913 978 952 1052 in
968 979 1163 1085 nonnullis
1178 982 1307 1056 Pezo-

227 1105 370 1182 machis
391 1103 514 1179 adhuc
537 1123 765 1199 cognoscere
786 1099 896 1186 licet,
924 1097 993 1172 alis
1009 1097 1189 1199 perfectis
1205 1101 1305 1178 reli.

228 1249 390 1328 quorum
416 1245 643 1322 eogenerum
664 1218 906 1322 respondent.
944 1219 1035 1320 (fig.
1054 1224 1117 1298 24.
1138 1221 1246 1321 25.)

708 1578 748 1674 §.
777 1587 814 1658 7.

605 1737 675 1812 De
701 1735 911 1839 pedibus.

306 1943 421 2020 Pedes
447 1967 511 2019 sex
538 1939 876 2017 lehneumonidmn
904 1947 1070 2018 cursorii
1095 1956 1203 2032 sunt;
1233 1969 1305 2020 sn-

228 2063 314 2153 tici,
341 2089 549 2164 eorumque
568 2079 712 2164 partes,
740 2061 948 2150 breviores,
975 2061 1089 2136 medii
1107 2062 1304 2162 magnitu-

227 2185 316 2261 dine
345 2185 484 2272 media,
513 2183 650 2284 postici
680 2181 887 2282 longiores3
921 2181 983 2256 rel
1010 2179 1235 2281 graciliores
1261 2199 1304 2259 et

227 2303 435 2402 longiores,
465 2325 733 2403 nonnunquam
763 2300 1006 2399 pergnaciles‚
1041 2299 1102 2374 rel
1131 2300 1303 2378 validio-

227 2446 286 2494 res
301 2437 340 2496 et
352 2422 563 2509 breviores,
591 2417 729 2522 postici
752 2418 940 2492 interdum
954 2418 1063 2494 valde
1081 2418 1300 2498 incrassati.

227 2541 354 2613 Partes
369 2564 499 2615 eorum
515 2555 619 2630 sunt,
647 2553 691 2614 ut
704 2538 742 2612 in
756 2539 915 2641 reliquis
930 2538 1106 2641 plurimis
1122 2537 1301 2634 insectis,

228 2682 319 2732 coxa
336 2684 403 2733 seu
417 2675 532 2760 caput
551 2660 724 2750 semoris,
751 2659 987 2747 trochanter,
1016 2659 1156 2748 lemur,
1184 2661 1302 2753 tibia,

103 2821 105 2826 -
227 2791 347 2852 tarsus
367 2803 453 2851 cum
476 2807 612 2882 ungue.
640 2825 693 2840 --
720 2787 859 2858 Coxoe
883 2779 1089 2855 anteriores
1109 2777 1305 2879 globosae

227 2911 331 2984 sunt;
358 2900 528 2998 posticae
548 2918 689 2978 ovato·
714 2918 781 2976 aut
797 2898 1205 3001 elongato-globosae,
1234 2902 1304 2978 iu-

225 3016 373 3093 terdum
388 3017 673 3120 subaugulatae,
703 3021 765 3096 rel
780 3021 893 3095 etiam
907 3021 1304 3119 compresso-globo-

224 3163 286 3212 sae
301 3137 491 3240 simulque
512 3165 755 3242 permagnam,
783 3141 823 3213 in
845 3136 1068 3240 quibusdam
1090 3139 1302 3240 speciebus

224 3257 463 3334 Exochorum
481 3261 739 3362 magnitudine
754 3256 960 3334 femoribus
973 3259 1167 3357 aequales,
1197 3285 1303 3338 uon-

224 3374 359 3464 nullis,
387 3404 420 3452 v.
436 3403 469 3450 c.
487 3377 734 3452 lehneumoui
758 3374 946 3477 culpatori
967 3388 1006 3451 et
1024 3377 1299 3479 melanogouo,

224 3492 370 3569 calcare
411 3493 537 3569 valido
577 3509 757 3584 armatae3
808 3495 1008 3596 Ephialtae
1049 3515 1300 3578 mesocentm

223 3635 341 3686 coxae
363 3612 510 3688 mediae
531 3639 684 3715 quoque
697 3615 897 3691 tuberculo
911 3613 1125 3690 acuminato
1137 3616 1300 3694 laterali

221 3745 385 3808 armatae
411 3747 509 3808 sunt.
537 3777 590 3794 -
615 3734 899 3812 Trocdonteres
925 3732 1158 3810 biartioulati
1187 3753 1298 3828 sunt,

220 3851 392 3927 articulis
408 3869 533 3929 autem
548 3855 758 3930 arctissime
770 3856 959 3945 connatis,
986 3879 1148 3956 quorum
1162 3855 1299 3934 minor

220 3995 308 4046 cum
333 3970 477 4050 femore
504 3998 697 4050 connexus
722 3991 798 4063 est,
832 3974 953 4075 major
978 4001 1065 4050 oum
1092 3999 1199 4048 coxa.
1235 4018 1299 4036 -

218 4089 386 4170 Femoro
412 4111 500 4173 sunt
532 4097 725 4200 elongata,
758 4094 958 4198 graciliora
991 4109 1057 4172 aut
1087 4093 1295 4184 crassiora,
