2666 4812
589 303 859 364 sonnatium(

556 589 632 662 264.
674 583 703 652 1.
725 585 925 654 FABRICII.

409 753 598 827 Abdomine
627 756 737 824 medio
763 755 840 823 nnio
872 777 937 824 ano
967 754 1063 839 nib03
1090 753 1258 821 semoribus

409 857 566 948 tibiisque
587 855 682 939 rufis,
707 857 799 928 tibiis
821 859 961 948 posticis
985 860 1078 953 apice
1099 857 1213 945 nigris.
1238 852 1258 918 s.

280 1061 314 1139 S
315 1077 449 1140 toturn
463 1079 501 1144 et
515 1062 714 1166 proportio
728 1064 892 1166 partium
910 1064 1050 1168 speciei
1067 1061 1260 1166 sequentis,

208 1182 274 1258 sed
288 1183 421 1258 aculeo
434 1183 498 1259 vix
513 1185 746 1260 subexsert0.

283 1303 505 1404 Longitndo
524 1297 589 1396 3¹4
610 1303 808 1380 linearum.
862 1307 1067 1382 Antennoe
1087 1319 1193 1380 totae
1214 1301 1262 1378 ni-

208 1447 306 1524 grae.
361 1409 888 1522 Aloesnbsumatohyalinae,
917 1424 1091 1524 stigmate
1113 1425 1263 1500 radioet

207 1543 334 1618 radice
348 1543 481 1633 foscis,
510 1543 705 1647 squamula
722 1543 845 1643 nigra,
871 1542 996 1619 areola
1013 1543 1263 1648 subquinque-

208 1663 391 1763 angulari.
433 1664 555 1741 Pedes
571 1665 662 1750 ruii3
690 1663 794 1738 coxis
810 1681 849 1741 et
863 1662 1180 1752 trochanteribus,
1203 1687 1262 1737 nec

208 1807 284 1856 non
305 1782 444 1884 pedum
474 1785 709 1885 posticornm
736 1783 846 1858 tarsis
867 1797 906 1858 et
926 1783 1034 1857 tibiis
1058 1784 1185 1886 apice,
1215 1781 1263 1856 ni·

206 1901 294 2004 gris.
348 1901 551 1980 Aidomen
571 1904 772 2004 segmentis
791 1913 816 1980 2
839 1918 878 1977 et
900 1913 923 1981 3
948 1903 1056 1992 rufis,
1087 1908 1111 1981 4
1129 1902 1210 1977 basi
1231 1915 1264 1978 et

205 2021 388 2097 lateribus
414 2024 521 2114 rufis,
550 2032 574 2102 6
593 2038 738 2125 punoto
760 2022 956 2126 marginali
978 2023 1066 2097 albo
1074 2078 1085 2113 ‚
1112 2031 1138 2102 7
1158 2022 1262 2098 dorso

206 2158 290 2218 toto
310 2142 409 2220 albo.

284 2261 479 2342 Feminam
500 2262 649 2342 unicam
670 2264 782 2342 Dalii
801 2289 847 2340 ex
862 2265 1030 2342 Austria
1047 2261 1260 2340 transmisit.

598 2486 877 2586 Synonymas

206 2621 313 2696 chn.
335 2620 512 2697 Fabricii
530 2620 695 2695 Schrank
716 2621 829 2697 Boica
850 2651 887 2698 n.
910 2631 1034 2711 206&
1061 2620 1208 2734 habitat
1225 2620 1260 2696 in

416 2743 590 2824 Bovario
609 2748 815 2849 superiore.

456 2964 592 3042 Nota:

282 3095 446 3172 Schrank
474 3101 520 3173 ad
549 3099 646 3174 hano
675 3101 840 3203 speciem
867 3097 1040 3174 adhibuit
1061 3095 1255 3174 Schaafferi

204 3218 359 3291 leonum
375 3220 449 3293 tab.
471 3228 553 3309 107,
582 3222 642 3322 fig·
661 3226 700 3308 4,
730 3248 841 3322 quam
858 3222 999 3295 Panzer
1014 3219 1059 3293 ad
1074 3223 1255 3323 Cryptnm

203 3341 448 3416 titillatoram
463 3341 612 3430 retulit,
641 3342 706 3415 sed
727 3340 985 3444 magnitudine
1000 3355 1040 3416 et
1054 3336 1254 3416 abdominis

203 3458 334 3533 colore
354 3458 400 3532 ab
421 3460 604 3537 ambobus
627 3459 768 3538 differt.
