2686 4814
233 369 308 440 420
547 331 550 340 ¹
633 355 899 414 sennensem

233 531 343 629 Ichn.
357 535 533 618 Geoffroi
548 558 585 634 p.
600 531 687 618 347,
715 554 749 600 ιι.
767 524 828 603 69.

233 669 342 748 lehn.
365 677 603 763 compressus
627 649 823 742 Fourcroy
850 664 889 740 p.
911 637 1008 723 414,
1041 659 1077 707 ιι.
1101 635 1149 707 60
1175 619 1277 722 (haud

446 767 734 854 confundendus
763 787 848 835 cum
870 754 1031 833 Bancho
1054 741 1277 849 compresso).

234 908 344 990 lehn.
365 899 606 1001 elegantnlus
626 881 792 963 Schrank
812 881 936 954 Austr.
967 903 1002 948 ιι.
1027 879 1102 949 727
1123 871 1278 966 (excepta

448 1016 630 1097 varietate
647 1000 809 1082 scutello
824 996 932 1097 nigro
949 993 965 1067 i
980 993 1028 1066 de
1042 1013 1118 1091 qun
1130 980 1279 1060 conferre

448 1135 545 1218 velis
565 1146 693 1208 notem
712 1121 758 1204 ad
779 1119 876 1193 hanc
897 1111 1097 1216 speciem).

236 1271 344 1354 lehn.
366 1275 532 1342 auratus
551 1249 678 1328 Gmel.
703 1243 760 1319 ed.
785 1238 896 1312 Linn.
919 1259 1003 1337 pag.
1018 1232 1145 1322 2684,
1171 1251 1203 1298 ιι.
1217 1221 1277 1296 238

450 1374 574 1478 (haud
601 1358 888 1446 confundendus
913 1381 1000 1432 eum
1028 1349 1137 1429 Ichn.
1159 1349 1277 1420 aurato

449 1491 602 1572 Thnnb.
618 1486 813 1564 Ichneum.
835 1506 872 1554 n.
889 1481 983 1564 490,
1010 1469 1079 1576 qui
1099 1479 1156 1546 est
1172 1461 1276 1562 Joppss

450 1627 599 1695 aurata
617 1604 763 1705 Fam).

654 1822 890 1905 Feminae:

240 1992 347 2072 Ichn.
369 1977 612 2086 culpatorins
632 1963 743 2041 Linn.
766 1961 885 2034 Faun.
908 1982 945 2030 n.
964 1950 1077 2030 1583.

291 2168 315 2202 ‚‚
366 2101 496 2181 Fuesl.
511 2094 622 2171 Helv.
646 2115 684 2190 p.
703 2090 772 2172 48,
798 2108 835 2155 ιι.
852 2085 948 2164 9393
975 2071 1017 2148 in
1036 2043 1281 2144 floribushaut

597 2212 612 2266 ι

242 2351 350 2430 ΙεΙιιι.
374 2243 561 2436 Georgii}
577 2214 739 2434 (piam,
756 2275 805 2396 ¹n.
828 2320 897 2404 52,
923 2310 1086 2390 varietas
1109 2287 1283 2402 segmentis

456 2454 602 2533 ultimis
636 2446 729 2524 totis
763 2438 892 2544 nigris.
952 2429 1144 2532 (Varietas
1176 2418 1282 2493 altem,

456 2569 659 2678 segmentis
680 2562 826 2642 ultimis
850 2554 997 2634 macule
1024 2552 1137 2636 flava,
1163 2531 1284 2643 species

458 2713 516 2776 est
535 2690 717 2789 diversa).

244 2828 353 2907 lehn.
374 2846 501 2902 vorax
524 2817 721 2909 Fourcroy
741 2831 779 2906 p.
798 2807 892 2888 411,
909 2759 956 2871 ln.
973 2795 1036 2871 55.

243 2951 352 3031 lehn.
373 2940 637 3026 croceatorius
657 2925 806 3004 Olivier
829 2947 866 3022 p.
887 2925 976 3004 168,
1005 2941 1041 2986 n.
1056 2919 1126 2996 23,
1152 2893 1286 2980 varient

457 3053 659 3161 segmentis
683 3051 801 3126 4--7
819 3037 913 3114 totis
944 3031 1079 3134 nigris,
1107 3006 1288 3100 habitatin

457 3176 597 3255 Gallie.
639 3165 845 3270 (Varietas
862 3159 998 3242 altera,
1026 3138 1204 3250 segmenti
1222 3153 1289 3228 sep·

456 3299 541 3374 timi
567 3289 736 3392 margine
762 3282 867 3368 albo,
895 3276 1023 3352 forsan
1051 3268 1098 3344 ed
1119 3261 1287 3343 Ichneum·

456 3419 723 3517 confusorium
749 3418 815 3480 aut
843 3397 1153 3478 terminatorium
1177 3363 1288 3460 referri

247 3666 355 3744 chn.
377 3539 620 3740 croclisiissiiiis
639 3647 895 3730 Welekeneer
915 3665 953 3742 p.
973 3637 1038 3725 52,
1067 3658 1105 3708 ιι.
1124 3632 1181 3707 17.

500 3882 636 3954 Nota:

325 4021 423 4115 Nees
439 4019 487 4096 ab
502 4015 696 4095 Esenbeck
718 4033 760 4084 os
782 3999 895 4078 maris
913 3993 1028 4096 hujus
1049 3975 1188 4090 speciei
1201 3987 1290 4049 secu·

249 4137 607 4222 ratiusexaminavit
621 4150 678 4223 et,
706 4130 747 4206 in
766 4120 890 4206 literis
911 4117 958 4196 ad
970 4125 1040 4192 'me
1054 4097 1220 4188 directis,
1242 4081 1289 4160 ffl⁵
