2658 4806
193 301 273 376 216
596 309 863 366 scuueuumn

195 478 306 570 albis,
320 477 452 555 subtus
466 473 705 580 ferrugineis.
722 469 1276 578 Thoraxgibbocylindricuss

195 598 342 677 lineola
368 621 482 701 parva
505 596 603 674 inira
623 597 720 687 alas,
753 595 983 699 punctisque
1002 593 1149 672 duobus
1171 621 1278 672 mar-

195 717 295 822 ginis
323 717 478 821 superni
507 715 619 806 colli,
652 715 695 791 in
714 741 816 792 mare
842 741 995 819 quoque
1015 729 1159 818 puncto
1181 731 1278 796 ante

196 838 286 926 alas,
302 837 410 912 albis.
465 837 681 916 Scutellum
696 837 876 914 albidum.
929 835 1275 926 Alcamedioeres,

197 956 611 1058 ochraceo-hyalinue,
651 957 761 1060 apice
796 954 1276 1063 subpurpureo-nitentes,

198 1078 374 1180 stigmate
393 1078 618 1169 diluteruso,
645 1078 753 1156 radio
773 1080 977 1182 radieeque
995 1074 1131 1164 iuscis;
1158 1101 1277 1178 squa-

196 1199 300 1277 muls
323 1197 445 1298 nigra,
474 1199 585 1274 maris
599 1214 743 1302 puncto
762 1200 862 1275 albu.
915 1196 1038 1278 Pedes
1056 1203 1273 1276 murisme·

197 1319 364 1406 dioeces,
390 1319 598 1398 anteriores
614 1319 720 1394 tibiis
740 1317 872 1395 subtus
892 1333 932 1396 et
950 1317 1137 1394 femorum
1157 1316 1268 1418 apice

196 1437 570 1540 albidoierrugiueiss
597 1443 777 1542 seminue
798 1436 1128 1525 subcrassiusculi‚
1158 1434 1265 1512 tibiis

197 1558 333 1636 enticis
354 1559 485 1636 subcus
498 1558 737 1660 ferrugineis.
790 1557 1273 1658 Abdomenelongatnlnn·

196 1681 398 1770 caelatum,
424 1679 587 1757 feminae
600 1680 756 1758 thorace
774 1679 853 1756 iere
867 1680 986 1781 duplo
999 1677 1149 1780 longius
1164 1674 1274 1773 ejus-

197 1828 273 1904 que
287 1800 500 1889 latitudine,
508 1801 621 1877 maris
636 1803 752 1905 paulo
764 1799 934 1886 brevium
950 1796 1151 1900 segmentis
1169 1805 1275 1878 1-3

198 1921 411 2027 eubopacis‚
440 1922 684 2025 sequentibus
705 1921 847 1998 nitidis.
901 1922 1074 1998 Aculeus
1086 1933 1274 2011 exsertus,

196 2041 452 2118 brevissimus.

276 2164 433 2240 Marem
469 2161 624 2238 unicum
650 2189 672 2241 c
700 2161 836 2240 Gallia
865 2158 1092 2238 Desmnrest
1117 2183 1274 2236 mecum

197 2281 500 2356 communicavit.
555 2284 755 2358 Feminam
785 2307 913 2370 unam,
944 2280 1275 2371 hannoverannm,

195 2399 492 2476 aReusmunnio
511 2401 652 2502 accepi,
679 2402 846 2491 alteram,
871 2427 1109 2501 genuensem,
1136 2400 1276 2504 aSps..

197 2520 306 2604 nola,
339 2520 470 2620 plures
503 2519 672 2596 feminas.
688 2522 765 2601 vidi
799 2523 840 2599 in
865 2523 1003 2600 Museo
1029 2524 1195 2598 Comitis
1221 2521 1275 2600 de

195 2634 520 2740 Hoffmannsegg.

457 2863 596 2948 Nota:

272 2996 381 3075 Ichn.
405 3004 594 3079 molitoris·
613 3003 724 3079 Febr.
750 3001 910 3079 varietas
940 3001 1141 3078 abdomine
1159 3002 1275 3104 pedi·

194 3113 345 3220 busque
372 3120 464 3195 totis
487 3121 597 3213 utris,
630 3121 708 3223 jam
724 3147 836 3222 supra
858 3121 905 3196 ud
924 3122 1034 3200 Ichu.
1055 3124 1272 3226 funereum

194 3237 382 3331 adhibita,
411 3241 524 3318 etiam
546 3244 592 3317 ad
614 3240 711 3318 hanc
730 3241 916 3344 speciem,
943 3269 1039 3345 quae
1066 3243 1106 3318 in
1134 3271 1273 3322 museo

194 3355 577 3464 Hoffmannseggiano
604 3363 650 3437 ad
681 3363 793 3442 lehn.
819 3365 1029 3467 funereum
1065 3365 1271 3472 Geoffroyi

194 3474 459 3582 (Fourcroyi)
486 3481 654 3558 adhibita
676 3498 772 3575 erat,
806 3483 940 3560 reiensi
959 3499 1100 3588 potest„
