<?xml version="1.0" encoding="UTF-8"?>
<!DOCTYPE html PUBLIC "-//W3C//DTD XHTML 1.0 Transitional//EN"
    "http://www.w3.org/TR/xhtml1/DTD/xhtml1-transitional.dtd">
<html xmlns="http://www.w3.org/1999/xhtml" xml:lang="en" lang="en">
 <head>
  <title>
</title>
<meta http-equiv="Content-Type" content="text/html;charset=utf-8" />
  <meta name='ocr-system' content='tesseract 3.04.00' />
  <meta name='ocr-capabilities' content='ocr_page ocr_carea ocr_par ocr_line ocrx_word'/>
</head>
<body>
  <div class='ocr_page' id='page_1' title='image "./ichneumonologia01gravgoog_0381.png"; bbox 0 0 2698 4810; ppageno 0'>
   <div class='ocr_carea' id='block_1_1' title="bbox 238 319 908 392">
    <p class='ocr_par' dir='ltr' id='par_1_1' title="bbox 238 319 908 392">
     <span class='ocr_line' id='line_1_1' title="bbox 238 319 908 392; baseline -0.012 1"><span class='ocrx_word' id='word_1_1' title='bbox 238 319 314 392; x_wconf 81' lang='lat'><strong>338</strong></span> <span class='ocrx_word' id='word_1_2' title='bbox 635 329 908 384; x_wconf 77' lang='lat' dir='ltr'><strong>rcuuaumou</strong></span> 
     </span>
    </p>
   </div>
   <div class='ocr_carea' id='block_1_2' title="bbox 234 496 1288 1686">
    <p class='ocr_par' dir='ltr' id='par_1_2' title="bbox 234 496 1288 1686">
     <span class='ocr_line' id='line_1_2' title="bbox 237 496 1288 600; baseline -0.005 -23"><span class='ocrx_word' id='word_1_3' title='bbox 237 501 290 578; x_wconf 89' lang='lat' dir='ltr'><strong>ris</strong></span> <span class='ocrx_word' id='word_1_4' title='bbox 310 499 376 576; x_wconf 85' lang='lat' dir='ltr'><strong>s&#39;ed</strong></span> <span class='ocrx_word' id='word_1_5' title='bbox 398 496 513 574; x_wconf 78' lang='lat' dir='ltr'><strong>etiam</strong></span> <span class='ocrx_word' id='word_1_6' title='bbox 530 497 790 600; x_wconf 84' lang='lat' dir='ltr'><strong>&#39;proportione</strong></span> <span class='ocrx_word' id='word_1_7' title='bbox 821 497 988 600; x_wconf 88' lang='lat' dir='ltr'><strong>partium</strong></span> <span class='ocrx_word' id='word_1_8' title='bbox 1008 505 1049 578; x_wconf 76' lang='lat' dir='ltr'><strong>s&#39;e</strong></span> <span class='ocrx_word' id='word_1_9' title='bbox 1066 497 1288 576; x_wconf 81' lang='lat' dir='ltr'><strong>manifestan-</strong></span> 
     </span>
     <span class='ocr_line' id='line_1_3' title="bbox 238 618 1286 724; baseline -0.004 -27"><span class='ocrx_word' id='word_1_10' title='bbox 238 637 336 710; x_wconf 89' lang='lat' dir='ltr'><strong>tem,</strong></span> <span class='ocrx_word' id='word_1_11' title='bbox 370 619 410 693; x_wconf 94' lang='lat' dir='ltr'><strong>in</strong></span> <span class='ocrx_word' id='word_1_12' title='bbox 436 618 566 720; x_wconf 88' lang='lat' dir='ltr'><strong>plures</strong></span> <span class='ocrx_word' id='word_1_13' title='bbox 598 618 744 719; x_wconf 90' lang='lat' dir='ltr'><strong>species</strong></span> <span class='ocrx_word' id='word_1_14' title='bbox 779 644 823 694; x_wconf 88' lang='lat' dir='ltr'><strong>ea</strong></span> <span class='ocrx_word' id='word_1_15' title='bbox 854 620 1149 724; x_wconf 81' lang='lat' dir='ltr'><strong>dispescueram3</strong></span> <span class='ocrx_word' id='word_1_16' title='bbox 1181 620 1286 698; x_wconf 89' lang='lat' dir='ltr'><strong>serius</strong></span> 
     </span>
     <span class='ocr_line' id='line_1_4' title="bbox 238 736 1287 840; baseline -0.005 -22"><span class='ocrx_word' id='word_1_17' title='bbox 238 756 383 829; x_wconf 83' lang='lat' dir='ltr'><strong>autem,</strong></span> <span class='ocrx_word' id='word_1_18' title='bbox 416 738 527 840; x_wconf 91' lang='lat' dir='ltr'><strong>copia</strong></span> <span class='ocrx_word' id='word_1_19' title='bbox 556 736 841 816; x_wconf 83' lang='lat' dir='ltr'><strong>individuorum</strong></span> <span class='ocrx_word' id='word_1_20' title='bbox 867 739 1041 830; x_wconf 80' lang='lat' dir='ltr'><strong>adaucta,</strong></span> <span class='ocrx_word' id='word_1_21' title='bbox 1074 739 1287 817; x_wconf 85' lang='lat' dir='ltr'><strong>mutabilita-</strong></span> 
     </span>
     <span class='ocr_line' id='line_1_5' title="bbox 237 858 1286 962; baseline 0 -26"><span class='ocrx_word' id='word_1_22' title='bbox 237 877 316 938; x_wconf 89' lang='lat' dir='ltr'><strong>tem</strong></span> <span class='ocrx_word' id='word_1_23' title='bbox 339 884 471 936; x_wconf 86' lang='lat' dir='ltr'><strong>eorum</strong></span> <span class='ocrx_word' id='word_1_24' title='bbox 494 872 533 934; x_wconf 87' lang='lat' dir='ltr'><strong>et</strong></span> <span class='ocrx_word' id='word_1_25' title='bbox 554 886 691 934; x_wconf 83' lang='lat' dir='ltr'><strong>nexum</strong></span> <span class='ocrx_word' id='word_1_26' title='bbox 712 858 924 962; x_wconf 87' lang='lat' dir='ltr'>specierum</span> <span class='ocrx_word' id='word_1_27' title='bbox 945 887 1014 962; x_wconf 90' lang='lat' dir='ltr'><strong>per</strong></span> <span class='ocrx_word' id='word_1_28' title='bbox 1034 859 1217 938; x_wconf 89' lang='lat' dir='ltr'><strong>individua</strong></span> <span class='ocrx_word' id='word_1_29' title='bbox 1237 861 1286 936; x_wconf 88' lang='lat' dir='ltr'><strong>in·</strong></span> 
     </span>
     <span class='ocr_line' id='line_1_6' title="bbox 237 978 1286 1084; baseline -0.006 -25"><span class='ocrx_word' id='word_1_30' title='bbox 237 981 438 1069; x_wconf 89' lang='lat' dir='ltr'><strong>termedia,</strong></span> <span class='ocrx_word' id='word_1_31' title='bbox 468 978 607 1054; x_wconf 89' lang='lat' dir='ltr'><strong>sensim</strong></span> <span class='ocrx_word' id='word_1_32' title='bbox 635 979 677 1055; x_wconf 92' lang='lat' dir='ltr'><strong>in</strong></span> <span class='ocrx_word' id='word_1_33' title='bbox 696 979 794 1056; x_wconf 91' lang='lat' dir='ltr'><strong>banc</strong></span> <span class='ocrx_word' id='word_1_34' title='bbox 821 978 976 1054; x_wconf 85' lang='lat' dir='ltr'>illamve</span> <span class='ocrx_word' id='word_1_35' title='bbox 998 982 1160 1084; x_wconf 87' lang='lat' dir='ltr'><strong>speciem</strong></span> <span class='ocrx_word' id='word_1_36' title='bbox 1179 998 1286 1057; x_wconf 91' lang='lat' dir='ltr'><strong>trans·</strong></span> 
     </span>
     <span class='ocr_line' id='line_1_7' title="bbox 236 1089 1283 1204; baseline -0.006 -25"><span class='ocrx_word' id='word_1_37' title='bbox 236 1099 384 1193; x_wconf 82' lang='lat' dir='ltr'><strong>euntia,</strong></span> <span class='ocrx_word' id='word_1_38' title='bbox 409 1098 591 1202; x_wconf 81' lang='lat' dir='ltr'>cognovi,</span> <span class='ocrx_word' id='word_1_39' title='bbox 618 1100 821 1202; x_wconf 84' lang='lat' dir='ltr'><strong>omniaque</strong></span> <span class='ocrx_word' id='word_1_40' title='bbox 842 1097 883 1174; x_wconf 96' lang='lat' dir='ltr'><strong>in</strong></span> <span class='ocrx_word' id='word_1_41' title='bbox 904 1097 1002 1174; x_wconf 87' lang='lat' dir='ltr'><strong>hanc</strong></span> <span class='ocrx_word' id='word_1_42' title='bbox 1015 1128 1126 1176; x_wconf 89' lang='lat' dir='ltr'><strong>unam</strong></span> <span class='ocrx_word' id='word_1_43' title='bbox 1138 1089 1283 1204; x_wconf 87' lang='lat' dir='ltr'><strong>speciem</strong></span> 
     </span>
     <span class='ocr_line' id='line_1_8' title="bbox 234 1217 1282 1325; baseline -0.008 -23"><span class='ocrx_word' id='word_1_44' title='bbox 234 1221 431 1323; x_wconf 82' lang='lat' dir='ltr'><strong>recollegi.</strong></span> <span class='ocrx_word' id='word_1_45' title='bbox 486 1221 630 1294; x_wconf 84' lang='lat' dir='ltr'><strong>Forsan</strong></span> <span class='ocrx_word' id='word_1_46' title='bbox 657 1217 781 1296; x_wconf 91' lang='lat' dir='ltr'><strong>adhuc</strong></span> <span class='ocrx_word' id='word_1_47' title='bbox 807 1219 991 1322; x_wconf 83' lang='lat' dir='ltr'><strong>quaedam</strong></span> <span class='ocrx_word' id='word_1_48' title='bbox 1013 1221 1216 1325; x_wconf 85' lang='lat' dir='ltr'><strong>specierum</strong></span> <span class='ocrx_word' id='word_1_49' title='bbox 1234 1245 1282 1294; x_wconf 86' lang='lat' dir='ltr'><strong>se·</strong></span> 
     </span>
     <span class='ocr_line' id='line_1_9' title="bbox 236 1336 1280 1448; baseline -0.006 -28"><span class='ocrx_word' id='word_1_50' title='bbox 236 1344 435 1448; x_wconf 87' lang='lat' dir='ltr'><strong>quentium</strong></span> <span class='ocrx_word' id='word_1_51' title='bbox 458 1366 545 1416; x_wconf 89' lang='lat' dir='ltr'><strong>cum</strong></span> <span class='ocrx_word' id='word_1_52' title='bbox 567 1338 637 1415; x_wconf 90' lang='lat' dir='ltr'><strong>hac</strong></span> <span class='ocrx_word' id='word_1_53' title='bbox 665 1339 793 1448; x_wconf 90' lang='lat' dir='ltr'><strong>specie</strong></span> <span class='ocrx_word' id='word_1_54' title='bbox 814 1336 996 1444; x_wconf 82' lang='lat' dir='ltr'><strong>conjungi</strong></span> <span class='ocrx_word' id='word_1_55' title='bbox 1029 1342 1219 1430; x_wconf 89' lang='lat' dir='ltr'><strong>deberent,</strong></span> <span class='ocrx_word' id='word_1_56' title='bbox 1241 1338 1280 1414; x_wconf 91' lang='lat' dir='ltr'><strong>de</strong></span> 
     </span>
     <span class='ocr_line' id='line_1_10' title="bbox 234 1460 1274 1568; baseline -0.008 -28"><span class='ocrx_word' id='word_1_57' title='bbox 234 1490 312 1568; x_wconf 90' lang='lat' dir='ltr'><strong>quo</strong></span> <span class='ocrx_word' id='word_1_58' title='bbox 332 1463 507 1540; x_wconf 77' lang='lat' dir='ltr'><strong>conferre</strong></span> <span class='ocrx_word' id='word_1_59' title='bbox 525 1460 621 1537; x_wconf 83' lang='lat' dir='ltr'><strong>velis</strong></span> <span class='ocrx_word' id='word_1_60' title='bbox 644 1476 752 1536; x_wconf 84' lang='lat' dir='ltr'><strong>notas</strong></span> <span class='ocrx_word' id='word_1_61' title='bbox 775 1461 821 1534; x_wconf 89' lang='lat' dir='ltr'><strong>ad</strong></span> <span class='ocrx_word' id='word_1_62' title='bbox 842 1489 878 1536; x_wconf 89' lang='lat' dir='ltr'><strong>n.</strong></span> <span class='ocrx_word' id='word_1_63' title='bbox 901 1467 985 1548; x_wconf 74' lang='lat'><strong>126,</strong></span> <span class='ocrx_word' id='word_1_64' title='bbox 1005 1462 1274 1554; x_wconf 77' lang='lat' dir='ltr'><strong>129,1sa,1st.</strong></span> 
     </span>
     <span class='ocr_line' id='line_1_11' title="bbox 234 1579 1279 1686; baseline -0.003 -27"><span class='ocrx_word' id='word_1_65' title='bbox 234 1583 433 1660; x_wconf 74' lang='lat' dir='ltr'><strong>Indiuidua</strong></span> <span class='ocrx_word' id='word_1_66' title='bbox 449 1580 657 1660; x_wconf 83' lang='lat' dir='ltr'><strong>femoribus</strong></span> <span class='ocrx_word' id='word_1_67' title='bbox 670 1580 786 1686; x_wconf 85' lang='lat' dir='ltr'><strong>nigris</strong></span> <span class='ocrx_word' id='word_1_68' title='bbox 802 1603 924 1686; x_wconf 81' lang='lat' dir='ltr'>prope</span> <span class='ocrx_word' id='word_1_69' title='bbox 939 1583 1127 1660; x_wconf 87' lang='lat' dir='ltr'><strong>accedunt</strong></span> <span class='ocrx_word' id='word_1_70' title='bbox 1139 1583 1182 1662; x_wconf 93' lang='lat' dir='ltr'><strong>ad</strong></span> <span class='ocrx_word' id='word_1_71' title='bbox 1189 1579 1279 1660; x_wconf 79' lang='lat' dir='ltr'><strong>lclru.</strong></span> 
     </span>
    </p>
   </div>
   <div class='ocr_carea' id='block_1_3' title="bbox 235 1710 510 1786">
    <p class='ocr_par' dir='ltr' id='par_1_3' title="bbox 235 1710 510 1786">
     <span class='ocr_line' id='line_1_12' title="bbox 235 1710 510 1786; baseline -0.011 -2"><span class='ocrx_word' id='word_1_72' title='bbox 235 1710 510 1786; x_wconf 69' lang='lat' dir='ltr'><strong>extensarum.</strong></span> 
     </span>
    </p>
   </div>
   <div class='ocr_carea' id='block_1_4' title="bbox 479 2089 1063 2170">
    <p class='ocr_par' dir='ltr' id='par_1_4' title="bbox 479 2089 1063 2170">
     <span class='ocr_line' id='line_1_13' title="bbox 479 2089 1063 2170; baseline 0.009 -11"><span class='ocrx_word' id='word_1_73' title='bbox 479 2094 570 2170; x_wconf 77' lang='lat' dir='ltr'><strong>126b·</strong></span> <span class='ocrx_word' id='word_1_74' title='bbox 608 2093 639 2160; x_wconf 84' lang='lat'><strong>1.</strong></span> <span class='ocrx_word' id='word_1_75' title='bbox 659 2089 982 2162; x_wconf 85' lang='lat' dir='ltr'><strong>SUBALBELLUS.</strong></span> <span class='ocrx_word' id='word_1_76' title='bbox 1025 2117 1063 2165; x_wconf 81' lang='lat' dir='ltr'><strong>u.</strong></span> 
     </span>
    </p>
   </div>
   <div class='ocr_carea' id='block_1_5' title="bbox 433 2257 1279 2535">
    <p class='ocr_par' dir='ltr' id='par_1_5' title="bbox 433 2257 1279 2535">
     <span class='ocr_line' id='line_1_14' title="bbox 433 2257 1278 2353; baseline -0.011 -24"><span class='ocrx_word' id='word_1_77' title='bbox 433 2263 619 2353; x_wconf 83' lang='lat' dir='ltr'><strong>segmentis</strong></span> <span class='ocrx_word' id='word_1_78' title='bbox 644 2269 727 2337; x_wconf 81' lang='grc'><strong>1-4</strong></span> <span class='ocrx_word' id='word_1_79' title='bbox 748 2261 843 2344; x_wconf 85' lang='lat' dir='ltr'><strong>rufis,</strong></span> <span class='ocrx_word' id='word_1_80' title='bbox 872 2275 892 2336; x_wconf 89' lang='lat'><strong>6</strong></span> <span class='ocrx_word' id='word_1_81' title='bbox 914 2274 948 2329; x_wconf 91' lang='lat' dir='ltr'><strong>ct</strong></span> <span class='ocrx_word' id='word_1_82' title='bbox 970 2275 992 2336; x_wconf 82' lang='lat'><em>7</em></span> <span class='ocrx_word' id='word_1_83' title='bbox 1013 2257 1278 2350; x_wconf 67' lang='lat' dir='ltr'><strong>albomargimtiss</strong></span> 
     </span>
     <span class='ocr_line' id='line_1_15' title="bbox 437 2365 1279 2454; baseline -0.01 -24"><span class='ocrx_word' id='word_1_84' title='bbox 437 2365 618 2432; x_wconf 86' lang='lat' dir='ltr'><strong>femoribus</strong></span> <span class='ocrx_word' id='word_1_85' title='bbox 633 2365 789 2451; x_wconf 88' lang='lat' dir='ltr'><strong>tibiisque</strong></span> <span class='ocrx_word' id='word_1_86' title='bbox 800 2366 879 2431; x_wconf 83' lang='lat' dir='ltr'><strong>rutis</strong></span> <span class='ocrx_word' id='word_1_87' title='bbox 893 2366 1208 2454; x_wconf 56' lang='lat' dir='ltr'><strong>nigro-maculatim</strong></span> <span class='ocrx_word' id='word_1_88' title='bbox 1228 2382 1279 2424; x_wconf 86' lang='lat' dir='ltr'><strong>ou-</strong></span> 
     </span>
     <span class='ocr_line' id='line_1_16' title="bbox 436 2464 894 2535; baseline 0 -2"><span class='ocrx_word' id='word_1_89' title='bbox 436 2471 544 2534; x_wconf 88' lang='lat' dir='ltr'><strong>tcnnis</strong></span> <span class='ocrx_word' id='word_1_90' title='bbox 568 2464 826 2535; x_wconf 82' lang='lat' dir='ltr'><strong>alboannulatis.</strong></span> <span class='ocrx_word' id='word_1_91' title='bbox 868 2465 894 2534; x_wconf 83' lang='lat' dir='ltr'><strong>s.</strong></span> 
     </span>
    </p>
   </div>
   <div class='ocr_carea' id='block_1_6' title="bbox 219 2668 1276 4230">
    <p class='ocr_par' dir='ltr' id='par_1_6' title="bbox 227 2668 1275 2900">
     <span class='ocr_line' id='line_1_17' title="bbox 305 2668 1275 2776; baseline -0.008 -27"><span class='ocrx_word' id='word_1_92' title='bbox 305 2676 361 2750; x_wconf 90' lang='lat' dir='ltr'><strong>Ab</strong></span> <span class='ocrx_word' id='word_1_93' title='bbox 392 2674 498 2752; x_wconf 80' lang='lat' dir='ltr'><strong>lehn.</strong></span> <span class='ocrx_word' id='word_1_94' title='bbox 522 2677 783 2776; x_wconf 84' lang='lat' dir='ltr'><strong>cingulutorr&#39;o</strong></span> <span class='ocrx_word' id='word_1_95' title='bbox 811 2687 850 2750; x_wconf 91' lang='lat' dir='ltr'><strong>et</strong></span> <span class='ocrx_word' id='word_1_96' title='bbox 875 2673 1011 2752; x_wconf 79' lang='lat' dir='ltr'><strong>hostili</strong></span> <span class='ocrx_word' id='word_1_97' title='bbox 1037 2675 1132 2754; x_wconf 83' lang='lat' dir='ltr'><strong>haec</strong></span> <span class='ocrx_word' id='word_1_98' title='bbox 1154 2668 1275 2750; x_wconf 79' lang='lat' dir='ltr'><strong>femina</strong></span> 
     </span>
     <span class='ocr_line' id='line_1_18' title="bbox 227 2794 1071 2900; baseline 0.004 -30"><span class='ocrx_word' id='word_1_99' title='bbox 227 2795 358 2872; x_wconf 81' lang='lat' dir='ltr'><strong>differt</strong></span> <span class='ocrx_word' id='word_1_100' title='bbox 378 2812 518 2871; x_wconf 88' lang='lat' dir='ltr'><strong>statura</strong></span> <span class='ocrx_word' id='word_1_101' title='bbox 541 2812 580 2871; x_wconf 90' lang='lat' dir='ltr'><strong>et</strong></span> <span class='ocrx_word' id='word_1_102' title='bbox 598 2796 772 2873; x_wconf 83' lang='lat' dir='ltr'><strong>antennis</strong></span> <span class='ocrx_word' id='word_1_103' title='bbox 789 2794 1071 2900; x_wconf 80' lang='lat' dir='ltr'><strong>gracilioribus.</strong></span> 
     </span>
    </p>

    <p class='ocr_par' dir='ltr' id='par_1_7' title="bbox 219 2914 1276 4230">
     <span class='ocr_line' id='line_1_19' title="bbox 304 2914 1274 3018; baseline -0.015 -24"><span class='ocrx_word' id='word_1_104' title='bbox 304 2915 527 3017; x_wconf 80' lang='lat' dir='ltr'><strong>Longitudo</strong></span> <span class='ocrx_word' id='word_1_105' title='bbox 543 2927 567 2995; x_wconf 83' lang='lat'><strong>3</strong></span> <span class='ocrx_word' id='word_1_106' title='bbox 583 2915 781 2993; x_wconf 86' lang='lat' dir='ltr'><strong>linearum.</strong></span> <span class='ocrx_word' id='word_1_107' title='bbox 839 2921 969 3018; x_wconf 82' lang='lat' dir='ltr'><strong>Caput</strong></span> <span class='ocrx_word' id='word_1_108' title='bbox 991 2932 1112 2992; x_wconf 92' lang='lat' dir='ltr'><strong>totum</strong></span> <span class='ocrx_word' id='word_1_109' title='bbox 1134 2914 1274 3015; x_wconf 89' lang='lat' dir='ltr'><strong>nigrum.</strong></span> 
     </span>
     <span class='ocr_line' id='line_1_20' title="bbox 225 3025 1276 3140; baseline -0.016 -23"><span class='ocrx_word' id='word_1_110' title='bbox 225 3041 430 3117; x_wconf 83' lang='lat' dir='ltr'><strong>Antennue</strong></span> <span class='ocrx_word' id='word_1_111' title='bbox 443 3033 602 3140; x_wconf 82' lang='lat' dir='ltr'><strong>graciles</strong></span> <span class='ocrx_word' id='word_1_112' title='bbox 617 3037 832 3128; x_wconf 79' lang='lat' dir='ltr'><strong>filitormes,</strong></span> <span class='ocrx_word' id='word_1_113' title='bbox 861 3037 969 3139; x_wconf 87' lang='lat' dir='ltr'><strong>apice</strong></span> <span class='ocrx_word' id='word_1_114' title='bbox 984 3052 1176 3114; x_wconf 77' lang='lat' dir='ltr'><strong>curvataes</strong></span> <span class='ocrx_word' id='word_1_115' title='bbox 1201 3025 1276 3104; x_wconf 90' lang='lat' dir='ltr'><strong>arti·</strong></span> 
     </span>
     <span class='ocr_line' id='line_1_21' title="bbox 225 3157 1275 3246; baseline -0.008 -13"><span class='ocrx_word' id='word_1_116' title='bbox 225 3159 323 3234; x_wconf 90' lang='lat' dir='ltr'><strong>culis</strong></span> <span class='ocrx_word' id='word_1_117' title='bbox 342 3157 633 3246; x_wconf 79' lang='lat' dir='ltr'><strong>10—13albis,</strong></span> <span class='ocrx_word' id='word_1_118' title='bbox 663 3159 794 3234; x_wconf 84' lang='lat' dir='ltr'><strong>subtus</strong></span> <span class='ocrx_word' id='word_1_119' title='bbox 818 3159 946 3234; x_wconf 84' lang='lat' dir='ltr'><strong>fuscis.</strong></span> <span class='ocrx_word' id='word_1_120' title='bbox 1003 3159 1170 3238; x_wconf 74' lang='lat' dir='ltr'><strong>Thorax</strong></span> <span class='ocrx_word' id='word_1_121' title='bbox 1188 3165 1275 3226; x_wconf 84' lang='lat' dir='ltr'><strong>totus</strong></span> 
     </span>
     <span class='ocr_line' id='line_1_22' title="bbox 225 3272 1275 3379; baseline -0.01 -28"><span class='ocrx_word' id='word_1_122' title='bbox 225 3279 342 3379; x_wconf 89' lang='lat' dir='ltr'><strong>niger.</strong></span> <span class='ocrx_word' id='word_1_123' title='bbox 376 3278 591 3354; x_wconf 83' lang='lat' dir='ltr'><strong>Scutellum</strong></span> <span class='ocrx_word' id='word_1_124' title='bbox 608 3277 747 3354; x_wconf 91' lang='lat' dir='ltr'><strong>album.</strong></span> <span class='ocrx_word' id='word_1_125' title='bbox 775 3272 1275 3378; x_wconf 82' lang='lat' dir='ltr'><strong>Aluesubfumatohyalinae‚</strong></span> 
     </span>
     <span class='ocr_line' id='line_1_23' title="bbox 224 3389 1272 3503; baseline 0 -32"><span class='ocrx_word' id='word_1_126' title='bbox 224 3399 399 3498; x_wconf 85' lang='lat' dir='ltr'><strong>stigmate</strong></span> <span class='ocrx_word' id='word_1_127' title='bbox 428 3413 468 3473; x_wconf 89' lang='lat' dir='ltr'><strong>et</strong></span> <span class='ocrx_word' id='word_1_128' title='bbox 494 3399 599 3473; x_wconf 85' lang='lat' dir='ltr'><strong>radio</strong></span> <span class='ocrx_word' id='word_1_129' title='bbox 627 3398 762 3490; x_wconf 84' lang='lat' dir='ltr'><strong>luscis,</strong></span> <span class='ocrx_word' id='word_1_130' title='bbox 790 3400 916 3477; x_wconf 85' lang='lat' dir='ltr'><strong>radice</strong></span> <span class='ocrx_word' id='word_1_131' title='bbox 943 3401 1067 3503; x_wconf 85' lang='lat' dir='ltr'><strong>picea,</strong></span> <span class='ocrx_word' id='word_1_132' title='bbox 1095 3389 1272 3499; x_wconf 69' lang='lat' dir='ltr'><strong>squamull</strong></span> 
     </span>
     <span class='ocr_line' id='line_1_24' title="bbox 225 3516 1276 3620; baseline -0.007 -31"><span class='ocrx_word' id='word_1_133' title='bbox 225 3516 349 3616; x_wconf 88' lang='lat' dir='ltr'><strong>nigra,</strong></span> <span class='ocrx_word' id='word_1_134' title='bbox 378 3520 504 3594; x_wconf 89' lang='lat' dir='ltr'><strong>areola</strong></span> <span class='ocrx_word' id='word_1_135' title='bbox 526 3520 832 3620; x_wconf 90' lang='lat' dir='ltr'><strong>subtriangulari.</strong></span> <span class='ocrx_word' id='word_1_136' title='bbox 888 3521 1011 3599; x_wconf 80' lang='lat' dir='ltr'><strong>Pedes</strong></span> <span class='ocrx_word' id='word_1_137' title='bbox 1030 3518 1135 3597; x_wconf 82' lang='lat' dir='ltr'><strong>coxis</strong></span> <span class='ocrx_word' id='word_1_138' title='bbox 1155 3531 1190 3592; x_wconf 88' lang='lat' dir='ltr'><strong>ct</strong></span> <span class='ocrx_word' id='word_1_139' title='bbox 1208 3528 1276 3586; x_wconf 83' lang='lat' dir='ltr'><strong>tro·</strong></span> 
     </span>
     <span class='ocr_line' id='line_1_25' title="bbox 224 3631 1274 3744; baseline -0.007 -32"><span class='ocrx_word' id='word_1_140' title='bbox 224 3634 468 3716; x_wconf 89' lang='lat' dir='ltr'><strong>chanteribus</strong></span> <span class='ocrx_word' id='word_1_141' title='bbox 498 3641 632 3744; x_wconf 79' lang='lat' dir='ltr'><strong>nigris3</strong></span> <span class='ocrx_word' id='word_1_142' title='bbox 667 3640 875 3718; x_wconf 87' lang='lat' dir='ltr'><strong>semoribus</strong></span> <span class='ocrx_word' id='word_1_143' title='bbox 903 3643 1013 3730; x_wconf 86' lang='lat' dir='ltr'><strong>rufis,</strong></span> <span class='ocrx_word' id='word_1_144' title='bbox 1039 3631 1274 3714; x_wconf 83' lang='lat' dir='ltr'><strong>anterioribus</strong></span> 
     </span>
     <span class='ocr_line' id='line_1_26' title="bbox 222 3750 1273 3866; baseline -0.01 -34"><span class='ocrx_word' id='word_1_145' title='bbox 222 3757 344 3832; x_wconf 84' lang='lat' dir='ltr'><strong>lutere</strong></span> <span class='ocrx_word' id='word_1_146' title='bbox 373 3784 543 3836; x_wconf 86' lang='lat' dir='ltr'><strong>convexo</strong></span> <span class='ocrx_word' id='word_1_147' title='bbox 571 3764 728 3866; x_wconf 85' lang='lat' dir='ltr'><strong>posticis</strong></span> <span class='ocrx_word' id='word_1_148' title='bbox 757 3763 865 3863; x_wconf 91' lang='lat' dir='ltr'><strong>apice</strong></span> <span class='ocrx_word' id='word_1_149' title='bbox 895 3761 1030 3864; x_wconf 86' lang='lat' dir='ltr'><strong>nigris;</strong></span> <span class='ocrx_word' id='word_1_150' title='bbox 1062 3758 1166 3834; x_wconf 92' lang='lat' dir='ltr'><strong>tibiis</strong></span> <span class='ocrx_word' id='word_1_151' title='bbox 1186 3750 1273 3834; x_wconf 83' lang='lat' dir='ltr'><strong>rufis,</strong></span> 
     </span>
     <span class='ocr_line' id='line_1_27' title="bbox 221 3877 1273 3982; baseline -0.009 -30"><span class='ocrx_word' id='word_1_152' title='bbox 221 3877 379 3980; x_wconf 89' lang='lat' dir='ltr'><strong>posticis</strong></span> <span class='ocrx_word' id='word_1_153' title='bbox 398 3879 505 3979; x_wconf 89' lang='lat' dir='ltr'><strong>apice</strong></span> <span class='ocrx_word' id='word_1_154' title='bbox 523 3883 645 3982; x_wconf 85' lang='lat' dir='ltr'><strong>nigro,</strong></span> <span class='ocrx_word' id='word_1_155' title='bbox 671 3884 781 3959; x_wconf 87' lang='lat' dir='ltr'><strong>tarsis</strong></span> <span class='ocrx_word' id='word_1_156' title='bbox 797 3883 1047 3958; x_wconf 86' lang='lat' dir='ltr'><strong>anterioribus</strong></span> <span class='ocrx_word' id='word_1_157' title='bbox 1064 3881 1163 3964; x_wconf 85' lang='lat' dir='ltr'><strong>rufis,</strong></span> <span class='ocrx_word' id='word_1_158' title='bbox 1178 3893 1273 3972; x_wconf 86' lang='lat' dir='ltr'><strong>snpra</strong></span> 
     </span>
     <span class='ocr_line' id='line_1_28' title="bbox 219 3991 1273 4104; baseline -0.003 -32"><span class='ocrx_word' id='word_1_159' title='bbox 219 3999 611 4091; x_wconf 83' lang='lat' dir='ltr'><strong>subfuscescemibus,</strong></span> <span class='ocrx_word' id='word_1_160' title='bbox 641 4005 799 4103; x_wconf 84' lang='lat' dir='ltr'><strong>posticis</strong></span> <span class='ocrx_word' id='word_1_161' title='bbox 830 4002 1099 4104; x_wconf 83' lang='lat' dir='ltr'><strong>nigro-luscis.</strong></span> <span class='ocrx_word' id='word_1_162' title='bbox 1154 3991 1273 4074; x_wconf 83' lang='lat' dir='ltr'><strong>Addo·</strong></span> 
     </span>
     <span class='ocr_line' id='line_1_29' title="bbox 220 4111 1271 4230; baseline -0.001 -35"><span class='ocrx_word' id='word_1_163' title='bbox 220 4145 302 4198; x_wconf 84' lang='lat' dir='ltr'><strong>men</strong></span> <span class='ocrx_word' id='word_1_164' title='bbox 318 4120 474 4198; x_wconf 88' lang='lat' dir='ltr'><strong>thorace</strong></span> <span class='ocrx_word' id='word_1_165' title='bbox 491 4123 606 4221; x_wconf 87' lang='lat' dir='ltr'><strong>poulo</strong></span> <span class='ocrx_word' id='word_1_166' title='bbox 627 4123 777 4225; x_wconf 87' lang='lat' dir='ltr'><strong>longius</strong></span> <span class='ocrx_word' id='word_1_167' title='bbox 792 4127 1069 4230; x_wconf 87' lang='lat' dir='ltr'><strong>paululumque</strong></span> <span class='ocrx_word' id='word_1_168' title='bbox 1084 4111 1271 4222; x_wconf 75' lang='lat' dir='ltr'><strong>angustius</strong></span> 
     </span>
    </p>
   </div>
   <div class='ocr_carea' id='block_1_7' title="bbox 0 0 1354 4810">
    <p class='ocr_par' dir='ltr' id='par_1_8' title="bbox 0 0 1354 4810">
     <span class='ocr_line' id='line_1_30' title="bbox 0 0 1354 4810; baseline 0 5"><span class='ocrx_word' id='word_1_169' title='bbox 0 0 1354 4810; x_wconf 95' lang='lat' dir='ltr'><strong> </strong></span> 
     </span>
    </p>
   </div>
  </div>
 </body>
</html>
