2674 4816
241 330 319 411 494
635 347 909 407 maurusios

239 509 546 617 subtrisngulari.
575 513 698 594 Pedes
714 514 943 606 mediocrem
969 512 1074 592 noxis
1089 512 1207 617 nigris,
1224 537 1274 588 sn·

240 635 445 712 terioribus
467 634 655 710 interdum
675 634 796 708 hadiis
813 635 960 711 macula
977 635 1099 738 nigrs3
1124 634 1274 712 troohm·

238 755 384 832 teribus
398 755 532 857 nigris,
560 753 811 831 anterioribus
830 755 1020 832 interdum
1042 751 1168 832 subtus
1187 755 1272 834 rufist

239 874 447 951 femoribus
462 874 712 952 anterioribus
726 875 815 948 rufis
836 890 901 949 sut
921 875 1212 962 rarescentibus„
1230 873 1273 946 in·

238 985 388 1070 tertium
421 987 534 1096 supra
568 994 885 1086 suscescentibus,
921 995 1090 1096 posticis·
1114 995 1173 1072 sel
1201 991 1273 1068 totis

238 1115 419 1220 rufis-rel
446 1115 562 1216 nigris
592 1115 672 1189 basi
699 1115 782 1191 rusa
809 1131 876 1191 aut
906 1113 1271 1216 obscuroferrugineu

238 1235 345 1309 tibiis
373 1249 413 1310 et
444 1236 555 1311 tarsis
589 1233 886 1323 rarescentibus,
922 1235 1082 1337 posticis
1114 1233 1271 1310 interdum

237 1355 549 1430 suscescentibus.
603 1354 807 1433 Abdomen
835 1355 961 1456 eapite
984 1347 1269 1457 thoracequesix

236 1475 353 1579 paulo
369 1473 521 1576 longius
535 1488 573 1548 et
587 1475 798 1575 angustius,
825 1475 951 1552 rufum
968 1491 1033 1551 eut
1046 1475 1266 1554 rubricosum

238 1595 441 1696 segmentis
457 1601 481 1671 6
496 1608 536 1668 et
548 1601 573 1670 7
587 1593 725 1695 nigris,
752 1594 981 1674 stutendum
1000 1595 1167 1697 margine
1178 1591 1269 1692 nigro,

237 1713 466 1794 Sinterdum
488 1713 599 1788 dorso
621 1715 742 1816 nigro.
796 1718 968 1794 Aculeus
980 1716 1124 1806 brevis,
1149 1710 1271 1814 longius

236 1851 402 1910 attamen
422 1825 590 1908 exsertus
612 1860 722 1935 quam
740 1835 780 1909 in
801 1837 960 1937 reliquis
982 1833 1229 1939 cospeciebus.

236 1945 256 2000 ·’
312 1956 436 2029 Unum
458 1953 693 2028 individuum
716 1951 801 2055 cepi
830 1980 949 2058 prope
971 1956 1151 2036 Oedelem
1169 1971 1272 2028 mense

235 2074 358 2162 Juli0;
386 2074 546 2148 alterum
574 2099 694 2175 prope
714 2075 876 2178 Nieslry,
902 2077 1058 2152 tertium
1079 2078 1119 2152 iu
1139 2072 1271 2154 Sudetts

233 2195 400 2272 silesiae
418 2208 570 2295 captum
592 2208 667 2280 esu,
694 2192 773 2266 vidi
790 2194 916 2269 etiam
945 2193 1041 2270 hanc
1062 2189 1271 2272 semiramin

234 2339 366 2389 museo
400 2318 564 2390 Comitis
597 2311 645 2390 de
675 2310 1010 2418 Hoffmannsegg,
1043 2320 1115 2395 sub
1146 2312 1272 2393 nomine

233 2433 344 2512 chn.
364 2432 663 2537 disfraudatoris
681 2432 858 2509 Knochii.

535 2738 805 2816 Varietates
834 2741 992 2820 maris:

310 2917 343 2988 1.
370 2907 598 2986 Femorihus
612 2911 724 3011 rufis,
742 2911 1023 3015 posterioribus
1033 2913 1272 3015 subnigrono·

231 3033 384 3109 culatis.
405 3073 459 3090 --
483 3031 708 3132 Longitudo
722 3039 746 3112 4
762 3033 959 3124 linearum,
981 3036 1145 3137 paulove
1159 3032 1269 3108 minor.

229 3154 446 3230 scutellum
469 3165 592 3226 totum
616 3153 756 3228 album.
810 3156 916 3232 Aloe
936 3155 1111 3256 stigmate
1132 3170 1169 3231 et
1187 3146 1270 3226 radio

230 3273 365 3362 fuscis;
394 3271 519 3348 radice
535 3287 573 3348 et
589 3274 785 3374 squamula
801 3275 861 3349 vel
884 3275 976 3350 totis
1001 3276 1114 3366 albis,
1142 3274 1199 3350 vel
1212 3271 1271 3345 sus·

230 3393 283 3468 cis
299 3408 442 3495 puncto
456 3392 557 3468 albo.
601 3393 724 3469 Pedes
739 3393 947 3471 femoribus
961 3397 1063 3484 rufis,
1086 3391 1213 3469 mediis
1226 3411 1271 3462 sn·

229 3537 347 3614 perne
365 3512 472 3587 basin
487 3539 615 3590 versus
634 3512 918 3613 nigricantibus,
946 3514 1103 3616 posticis
1119 3505 1270 3616 geniculo

230 3629 357 3731 nigr03
384 3631 490 3708 tibiis
518 3635 626 3722 rufis,
656 3632 909 3708 anterioribus
937 3635 1068 3710 subtus
1086 3621 1271 3708 flavicsnti·

227 3749 311 3838 bus,
334 3751 490 3852 posticis
508 3754 616 3854 apice
631 3753 851 3854 nigricante.
884 3754 1088 3834 Abdomen
1102 3757 1270 3854 segmento

229 3869 439 3974 primove]
472 3863 558 3948 r'ufo
585 3874 733 3974 petiolo
762 3871 887 3973 nigr0,
914 3875 976 3951 vel
997 3874 1106 3976 nigro
1125 3865 1270 3968 margine

228 3990 334 4079 ruf03
360 3992 600 4082 serenatis,
629 3993 778 4094 4nigro
800 3993 984 4070 lateribus
998 3995 1106 4083 rufis,
1132 4007 1271 4092 sequen·

226 4109 331 4189 tibus
343 4108 474 4216 nigris.
501 4149 553 4172 -··
580 4109 741 4190 Caetera
760 4111 863 4192 siout
883 4112 925 4193 in
941 4139 1045 4194 mure
1063 4111 1229 4218 genuino
