2666 4812
199 331 279 411 oto
598 349 885 427 rcursussou.

200 515 371 598 Thorax
389 511 591 617 gibbulus,
626 529 771 618 puncto
793 513 881 592 albo
899 527 988 593 ante
1002 513 1108 594 alas.
1168 519 1268 596 Aloe

200 633 604 736 subfumatobyalinae,
631 633 806 737 stigmate
821 633 929 711 fusco
939 650 1006 712 aut
1018 636 1139 740 piceo,
1164 637 1267 714 radio

195 756 327 842 ,radice
355 770 395 832 et
422 755 618 858 squamula
646 755 781 857 nigris,
816 753 888 833 bac
913 756 1103 836 interdurn
1125 774 1267 861 puncto

199 876 347 966 albido;
374 879 500 954 areola
515 876 595 954 fere
613 874 849 976 triangulari.
902 877 1026 958 Pedes
1038 877 1266 966 mediocrem

200 997 406 1073 anteriores
434 995 496 1072 vel
525 995 616 1085 ruli,
658 997 765 1074 coxis
792 1013 832 1074 et
857 996 1164 1074 trocbantcribus
1201 1023 1267 1076 nec

200 1143 278 1192 non
317 1117 502 1193 femorum
536 1115 747 1192 mediorum
787 1117 868 1194 basi
901 1119 1034 1221 nigris;
1061 1118 1123 1194 rel
1158 1118 1266 1221 nigri,

198 1237 409 1329 femoribus
436 1235 620 1338 tibiisquc
637 1237 769 1314 subtus
792 1238 1023 1330 stramineis,
1049 1237 1129 1314 illis
1154 1237 1267 1314 iuter·

198 1357 288 1433 dum
316 1357 424 1462 apice
454 1358 537 1432 solo
564 1356 769 1434 straminea
800 1374 866 1434 aut
886 1359 1123 1461 ferrugineo,
1157 1385 1266 1461 supra

196 1478 371 1581 apicibus
393 1477 548 1556 summis
569 1476 757 1553 femorum
772 1477 954 1555 tibiarum
965 1492 1005 1555 et
1018 1478 1264 1555 articulorum

199 1598 493 1675 fuscescentiunr
506 1612 691 1673 tarsorum
705 1595 940 1699 ferrugineis,
958 1595 1064 1694 tibiis
1077 1597 1265 1689 interdum

199 1746 311 1821 supra
332 1718 422 1792 totis
444 1716 797 1818 fuscoferrugineis,
823 1716 934 1820 apice
955 1731 994 1795 et
1009 1715 1089 1792 basi
1111 1716 1265 1820 quibus-

200 1839 286 1912 dam
302 1836 505 1913 individuis
521 1836 798 1940 pallidioribus,
813 1837 1020 1914 femoribus
1033 1837 1170 1914 mediis
1184 1859 1264 1910 raro

196 1959 278 2034 fere
297 1956 390 2032 totis
413 1956 547 2058 nigrim
574 1957 713 2058 postici
737 1958 853 2060 nigri,
880 1957 988 2034 tibiis
1009 1958 1071 2036 rel
1093 1957 1186 2034 totis
1209 1955 1265 2031 ni·

199 2080 293 2180 gris,
321 2079 383 2154 vel
405 2077 511 2151 basin
534 2084 664 2153 vers'us
684 2077 928 2180 ferrugineis,
956 2078 1019 2154 rel
1039 2076 1262 2181 ferrugineis

198 2199 307 2300 apice
322 2197 441 2299 nigr0,
454 2196 565 2271 tarsis
580 2194 915 2300 fuscoferrugineis
929 2211 995 2273 ant
1007 2197 1134 2288 fuscis,
1149 2200 1264 2278 femo-

196 2318 301 2396 ribus
322 2318 510 2396 interdum
534 2317 632 2394 intra
653 2317 851 2396 castaneis.
903 2317 1110 2397 Abdomen
1129 2319 1263 2396 oblon-

195 2454 416 2543 gooratum,
458 2437 824 2539 depressiusculum‚
858 2436 1014 2515 thorace
1042 2440 1165 2543 duplo
1187 2438 1263 2516 fers

196 2559 348 2660 longius
369 2573 408 2636 et
424 2559 540 2661 paulo
561 2558 772 2659 angustius,
801 2558 1049 2636 subtilissime
1065 2561 1263 2639 etconfer-

196 2679 343 2756 tissime
370 2692 574 2780 punctum3
611 2693 805 2778 segmento
828 2687 847 2758 1
870 2679 985 2757 lineis
1012 2679 1159 2758 duabus
1188 2681 1263 2756 ele·

196 2798 310 2894 ratis,
345 2797 540 2874 subtiliter
567 2799 769 2899 rugulusu,
811 2798 935 2901 nigro,
970 2801 1091 2876 rarius
1122 2816 1262 2904 puncto

196 2918 336 2996 dorsali
359 2919 580 3021 sanguinem
607 2927 632 2996 2
654 2916 762 2992 basin
783 2944 912 2994 versus
934 2920 1183 2998 subtilissime
1204 2948 1262 2996 ru·

196 3042 343 3144 guloso,
372 3039 457 3115 rufo
474 3054 539 3115 aut
553 3037 769 3125 rubricos03
798 3047 912 3117 3-6
928 3039 1055 3142 nigris,
1083 3041 1259 3118 lateribus

196 3177 237 3239 et
261 3159 429 3261 margine
465 3157 620 3262 apiculi,
655 3158 791 3235 latiore
817 3159 879 3238 vel
906 3161 1141 3261 angustiore,
1175 3161 1257 3236 rufrs

194 3298 260 3360 aut
280 3280 504 3368 rubricosis,
532 3288 659 3359 7toto
680 3278 766 3353 rufo
790 3293 854 3353 aut
876 3278 1086 3357 rubricoso.

272 3402 466 3499 Quaedam
490 3397 697 3489 individua,
725 3397 764 3473 iu
785 3397 1001 3502 Hercynio,
1028 3424 1152 3506 prope
1170 3401 1258 3479 Got-

194 3503 341 3622 tingoni
362 3537 402 3600 et
416 3505 462 3596 in
482 3522 648 3597 Austris
669 3533 798 3624 capta,
826 3518 968 3621 accepi.

514 3863 523 3872 ¹
577 3823 872 3904 varietates:

270 4005 302 4081 1.
329 3993 548 4075 Abdomina
566 4002 703 4098 nigro,-
726 4011 919 4099 segmento
939 4003 965 4074 7
985 4021 1055 4076 nac
1076 4025 1153 4076 non
1168 4001 1259 4078 fote·

193 4116 298 4196 ribos
325 4131 604 4217 segmentorum
632 4124 657 4198 4
685 4134 723 4196 et
750 4122 776 4198 5
799 4116 1184 4202 obscurorubrr'cosr's.
1208 4155 1258 4178 -·
