2674 4816
234 241 312 318 496
629 245 901 311 suuneunr'on
932 265 938 298 r

233 424 351 524 nigra,
377 421 763 524 plerumquepun'oto
776 433 842 494 aut
854 417 1167 521 marginealbido.
1194 413 1261 492 'Pa

235 545 302 622 des
315 540 520 615 femoribus
535 541 786 622 anterioribus
809 541 941 616 subtus
958 541 1019 616 vel
1032 541 1121 615 totis
1135 537 1191 616 vel
1199 551 1261 608 tan·

232 679 313 748 tum
330 665 476 764 apicem
493 687 620 739 versus
643 663 731 737 rufis
751 676 816 735 aut
831 660 1143 750 rusostramineis,
1168 653 1261 760 posti-

234 773 288 857 iis
311 782 431 857 rarius
452 781 543 855 totis
570 779 702 882 nigris,
732 781 1078 884 plerumquerufis‚
1106 775 1261 882 geniculo,

234 893 296 979 ¹vel
327 901 440 978 etiam
467 901 566 990 basi,
596 901 728 1004 nigris3
763 901 870 975 tibiis
901 903 1148 978 anterioribus
1171 895 1261 973 rarius

234 1016 325 1098 totis
340 1023 445 1111 rufis,
474 1021 699 1121 plerumque
716 1020 968 1110 exarsionis,
998 1023 1177 1099 interdum
1190 1015 1262 1091 infra

234 1134 534 1229 substrantineis,
563 1121 720 1242 posticis
735 1141 853 1216 rarius
869 1141 959 1216 totis
977 1142 1103 1244 nigris,
1130 1143 1262 1246 plerum·

236 1289 310 1364 que
331 1260 439 1336 basin
462 1287 592 1336 versus
614 1258 839 1364 ferrugineis
867 1277 931 1336 aut
949 1265 1057 1352 rufis,
1085 1260 1185 1338 tarsis
1206 1255 1261 1328 ius·

235 1380 490 1472 ¹uescentibus,
519 1380 771 1456 anterioribus
789 1383 919 1456 subtus
935 1384 1025 1458 rufis
1047 1399 1112 1458 aut
1131 1371 1257 1462 sordide·

235 1495 458 1576 'stramineis
512 1497 716 1578 Abdomen
746 1517 938 1602 segmento
970 1511 988 1580 1
1018 1501 1142 1604 nigr05
1165 1497 1260 1578 eat

234 1623 324 1697 rufis
348 1635 414 1694 aut
436 1619 638 1701 castaneis3
667 1627 691 1699 4
715 1637 753 1696 et
774 1623 797 1698 5
821 1621 882 1695 vel
902 1624 991 1695 rufis
1016 1639 1083 1696 aut
1104 1611 1262 1696 castaneis,

234 1736 296 1848 ire]
310 1740 444 1841 nigris,
474 1741 533 1816 vel
558 1739 671 1841 nigris
694 1741 876 1816 lateribus
898 1745 1005 1830 rufis,
1034 1753 1113 1822 6et
1128 1752 1149 1820 7
1164 1733 1262 1835 nigris.

312 1862 510 1938 Indiuidua
542 1861 671 1961 accepi
705 1889 826 1964 prope
861 1859 1112 1961 Gottingom,
1143 1860 1264 1938 Narin·

236 1976 408 2084 bergmn,
448 1983 489 2062 V
488 1977 740 2070 indobonom,
776 1981 937 2085 Niesty,
974 1981 1219 2060 Wurmbrunn
1238 1979 1264 2044 ei

236 2086 409 2183 Genuum
437 2117 557 2206 capta.

245 2361 247 2364 ,
312 2284 348 2356 4.
374 2274 594 2355 Abdomine
607 2279 738 2372 nigro,
763 2279 967 2372 segmentis
982 2283 1007 2351 ἰ
1024 2290 1063 2350 et
1077 2285 1101 2352 5
1114 2268 1209 2370 rufis.
1229 2294 1266 2320 ·-·

237 2400 367 2498 Caput
400 2393 541 2496 palpis,
577 2391 879 2466 mandibularum
913 2394 1057 2482 medi0,
1089 2389 1266 2485 orbitisquo

236 2518 447 2604 oculorum,
476 2513 584 2589 albis.
640 2515 744 2590 Aloe
760 2512 943 2614 stigmate,
971 2513 1089 2602 radio,
1117 2509 1225 2587 radice
1239 2509 1266 2572 et

237 2635 432 2736 squamulo
458 2634 587 2709 fuscis.
642 2633 765 2709 Pedes
785 2634 889 2708 coxis
911 2633 1160 2709 anterioribus
1178 2625 1267 2701 inur-

236 2757 325 2830 dum
347 2770 491 2857 puncto
518 2755 623 2840 alb0;
651 2753 860 2828 semoribus
887 2743 1265 2829 anterioribussubtb

235 2878 345 2966 rufis,
374 2877 507 2951 mediis
536 2874 724 2950 interdum
753 2873 867 2973 nigris
897 2874 1075 2975 geniculo
1096 2872 1267 2976 piceostn-

236 2997 383 3082 mineo,
411 2995 516 3069 tibiis
546 2993 797 3069 anterioribus
819 2994 926 3083 rufis,
956 2995 1088 3070 mediis
1112 2979 1265 3065 interdum

237 3131 392 3192 externe
412 3114 729 3203 fuscescentibus,
758 3113 915 3214 postiois
932 3109 1064 3216 nigris,
1093 3094 1266 3184 antebasin

235 3235 369 3313 badiis.
410 3233 611 3312 Abdomen
628 3233 830 3334 segmentis
845 3241 869 3310 2
884 3247 922 3308 et
941 3243 974 3322 3,
999 3247 1038 3307 et
1053 3231 1157 3335 apice
1170 3211 1265 3330 prini.

236 3356 425 3431 interdum
440 3355 553 3428 etiam
566 3353 689 3456 quarti
705 3351 796 3442 basi,
819 3354 920 3428 rufis.
948 3393 1001 3407 -
1027 3351 1181 3436 Caetera
1195 3343 1267 3417 sicut

236 3473 276 3548 in
298 3475 462 3549 maribus
486 3471 671 3576 genuinis.

313 3594 512 3668 Indiuidua
539 3594 630 3681 dou,
660 3593 820 3667 alterum
841 3589 1177 3694 pedemontanam,
1198 3579 1268 3656 alte·

236 3739 318 3789 rum
331 3739 537 3812 genuense,
564 3715 716 3790 Bonelli
728 3730 766 3788 et
781 3740 805 3788 α
818 3715 851 3789 S
850 3713 983 3816 pinolu
997 3707 1265 3785 transmiserunt·

242 3959 256 3974 -*
313 3904 348 3985 6.
378 3906 503 3980 Coxis
523 3901 786 3981 anticisolbis.
812 3943 865 3960 -·
889 3887 1269 4004 tangendos—sere

235 4023 474 4108 blinearum·
526 4027 661 4126 Caput
674 4022 976 4123 mandibularum
988 4021 1115 4100 medio
1126 4013 1207 4094 ubo
1219 4011 1270 4080 wi
