2706 4810
229 289 304 362 668
550 351 553 358 ,
626 301 894 356 scansuros

226 469 354 572 nigro,
387 465 578 545 rarissime
599 481 683 543 toto
709 466 835 568 nigro,
868 468 932 546 rel
956 467 1292 572 ferrugineorulae,

226 591 335 691 apice
356 588 475 690 nigro.
531 587 701 664 Thorax
715 587 1108 690 gibbulocylindricns
1131 605 1197 664 aut
1213 591 1296 692 gib-

226 709 361 796 bulnss
394 707 649 786 metstborace
669 707 880 786 tuberculis
901 707 1049 784 duobus
1068 711 1210 798 acutis,
1238 710 1296 783 in-

224 829 374 904 terdum
406 827 608 918 obsoletis,
649 827 836 932 foveaque
865 829 989 904 media
1022 829 1292 931 longitudinali

226 948 303 1024 lnta
331 948 461 1024 nitida.
521 949 626 1026 Aloe
652 949 798 1052 amplae
825 947 1019 1054 hyalinse‚
1055 950 1233 1050 stigmate
1256 964 1296 1022 et

225 1069 332 1146 radio
347 1067 591 1170 luscopiccis,
612 1068 738 1144 radice
759 1083 799 1146 et
812 1070 1006 1171 squamula
1023 1071 1169 1172 pallide
1182 1085 1297 1146 teste-

228 1189 324 1278 ceis;
351 1187 476 1264 areola
499 1187 859 1291 quinquangulum,
893 1214 1008 1264 nervo
1029 1215 1051 1264 a
1073 1189 1143 1265 bac
1164 1193 1293 1266 areola

225 1309 374 1414 apicem
400 1308 483 1384 alne
509 1333 639 1384 versus
668 1323 891 1388 excurrente
912 1309 1087 1386 obsoleto
1120 1311 1191 1410 (in
1222 1335 1296 1385 uno

225 1429 387 1506 marium
412 1427 609 1504 individuo
635 1455 773 1506 nervus
800 1428 968 1506 exterior
995 1429 1110 1532 hujus
1141 1432 1295 1508 areolae

226 1551 265 1628 in
280 1550 338 1627 ala
351 1549 503 1625 sinistra
518 1549 658 1647 deest).
711 1549 835 1628 Pedes
847 1549 1069 1640 mediocres,
1089 1551 1184 1628 mari
1203 1579 1297 1654 pau·

224 1673 348 1750 lulum
369 1668 605 1773 graciliorem
632 1667 748 1756 sulsir
774 1669 879 1746 coxis
898 1670 1153 1758 anterioribus
1176 1672 1298 1747 inter·

225 1794 316 1869 dum
342 1790 434 1868 totis
460 1789 571 1879 rufis,
605 1790 834 1892 plerumque
861 1789 952 1868 rutis
982 1791 1062 1868 basi
1093 1792 1200 1894 nigra
1230 1807 1296 1866 ant

224 1912 341 2017 nigris
362 1911 494 1987 subtus
515 1910 623 2000 rufis,
651 1909 771 1985 rarius
791 1911 872 1988 lere
893 1912 986 1988 totis
1008 1911 1143 2015 nigris,
1170 1911 1297 2016 posti·

224 2033 279 2110 cis
300 2030 568 2136 utplurimum
595 2030 712 2132 nigris
741 2030 873 2109 subtus
896 2032 1006 2135 spice
1025 2034 1135 2120 rufis,
1169 2033 1294 2108 rnrius

224 2155 317 2230 totis
337 2153 455 2255 nigris
477 2166 543 2227 sut
557 2153 647 2229 rufis
661 2151 740 2226 basi
756 2177 899 2228 summa
915 2153 1033 2255 nigra.
1086 2151 1295 2234 Abdomen

227 2283 346 2352 moris
374 2272 509 2376 capitis
538 2271 783 2380 thoracisque
810 2273 1051 2377 longitudine
1084 2274 1147 2351 sel
1174 2274 1296 2376 paulo

223 2395 393 2484 brevius,
432 2393 589 2473 thorace
621 2393 738 2498 psulo
765 2393 978 2495 angustius,
1017 2392 1296 2481 lanceolatum3

224 2529 418 2618 segmento
443 2523 461 2594 1
485 2513 708 2604 sublimari,
745 2530 853 2619 parte
873 2514 997 2594 antica
1014 2512 1217 2618 paululum
1238 2514 1296 2588 la·

222 2640 323 2716 tiore
344 2661 455 2739 quem
470 2634 658 2736 petiolus,
684 2633 894 2711 tuberculis
908 2632 1129 2712 lateralibus
1147 2649 1190 2710 ut
1207 2635 1295 2737 plu·

222 2759 359 2838 rimum
379 2754 733 2860 protuberantibus;
749 2757 928 2858 seminoe
939 2753 1105 2830 thoracis
1120 2754 1293 2857 longitu-

223 2880 329 2966 dine,
356 2901 403 2951 eo
425 2891 550 2950 autem
572 2874 689 2977 paulo
709 2873 839 2964 latius,
866 2874 1104 2980 depressum,
1132 2875 1293 2951 minori·

222 3000 292 3075 bus
308 2995 561 3076 orbiculatum
578 2992 785 3097 majoribus
799 2994 1188 3083 orbiculatoovatum3
1210 3023 1291 3098 seg·

221 3131 350 3198 mento
382 3126 400 3193 1
433 3115 685 3195 canaliculato
711 3113 773 3197 vel
801 3116 1142 3206 subcanaliculnto,
1170 3117 1291 3194 subli-

221 3236 342 3326 mari,
376 3251 484 3338 purte
505 3236 628 3314 antica
660 3236 776 3342 paulo
805 3235 943 3316 latiore
966 3261 1079 3342 qnam
1105 3236 1286 3338 petiolus.

219 3360 391 3442 Aculeus
410 3355 665 3436 subexsertus.

296 3479 422 3553 Mares
438 3490 479 3556 et
492 3475 669 3567 feminas,
697 3475 830 3555 harum
844 3489 1009 3553 attamen
1023 3475 1167 3577 plures,
1189 3477 1288 3552 haud

220 3625 305 3676 raro
325 3597 410 3698 cepi
432 3595 532 3676 circa
554 3597 804 3699 Gottingom,
831 3596 1048 3700 passimque
1069 3595 1111 3672 in
1131 3597 1287 3686 Sileno,

218 3717 412 3796 mensibus
433 3717 826 3822 lunio—Septembri,
849 3718 889 3795 in
908 3716 1097 3796 fruticetis
1112 3718 1287 3794 floribus·

220 3865 311 3942 quc,
345 3862 458 3939 saepe
477 3839 592 3913 etiam
613 3839 716 3916 domi
739 3839 787 3916 ad
807 3838 1002 3916 fenestras.
1056 3837 1175 3914 Teste
1194 3863 1285 3940 quo·

219 3985 294 4062 que
324 3957 422 4038 Nees
450 3956 500 4034 ob
528 3957 723 4037 Esenbecls
751 3975 938 4036 mares'et
960 3956 1126 4034 lemicae
1145 3974 1283 4038 nesure

219 4078 361 4180 ubique
382 4075 503 4177 (circa
522 4079 842 4182 Siclserslrousen)
870 4080 911 4159 in
930 4077 1052 4160 bostis
1070 4078 1281 4160 circumso-
