2726 4810
443 287 581 348 atrro
607 291 749 352 virsa.
1078 279 1130 356 ot

70 461 182 540 dendo
197 459 345 542 exitum
358 461 520 566 aperuit,
544 473 649 536 extra
662 460 806 540 larvam
819 457 1037 546 folliculum
1054 459 1128 541 sibi

72 583 343 673 adsericeum,
369 581 560 658 duriorem
582 595 647 658 aut
666 581 870 672 laxiorem,
898 598 937 662 et
958 583 998 662 in
1019 611 1128 686 nym-

63 703 170 806 pbam
201 719 394 792 mutatur,
426 729 449 778 e
476 729 567 804 qua,
585 711 683 804 'post
707 715 858 805 tempos
883 701 1036 805 longius
1064 719 1129 782 aut

60 826 233 916 brevius,
261 823 447 899 insertum
468 822 700 898 declaratum
714 821 939 926 prorumpit.
994 824 1129 928 Singu-

60 946 146 1024 laris
171 961 306 1022 autem
325 929 459 1018 modus
479 958 537 1018 est
564 965 642 1044 quo
662 943 788 1018 larvae
809 940 998 1046 Ophionis
1020 944 1128 1036 lutei,

61 1083 98 1144 et
109 1067 248 1144 forsan
261 1061 431 1138 omnium
448 1063 660 1166 specierum
674 1059 788 1163 bujus
803 1062 963 1165 generis,
976 1062 1128 1166 degunt.

60 1190 183 1264 Mater
210 1209 354 1284 nempe
376 1207 447 1260 ova
474 1181 585 1286 ponit
608 1181 790 1285 petiolata
824 1182 864 1258 in
891 1182 1129 1286 superficiem

62 1335 196 1386 erucae
215 1302 421 1405 Bombycis
448 1302 620 1394 vinulae;
646 1303 772 1382 larvae
800 1301 977 1380 exclusae
1003 1319 1129 1382 autem

62 1453 134 1504 non
154 1450 300 1530 corpus
321 1449 457 1500 erucae
477 1423 621 1500 intrant
637 1423 721 1511 sed,
749 1423 868 1501 cauda
881 1423 921 1500 in
934 1426 1129 1529 putamine

62 1547 121 1624 ori
135 1549 233 1634 fixa,
262 1543 392 1645 itaque
413 1543 602 1622 mediante
624 1543 771 1646 petiolo
792 1543 854 1618 ovi
877 1545 1030 1666 corpori
1044 1573 1132 1622 eru·

64 1693 126 1742 cae
139 1665 404 1753 adhaerentes,
418 1661 516 1740 bano
529 1678 716 1764 exsugunt
728 1662 849 1740 donec
863 1664 1014 1746 adultae
1028 1683 1127 1744 sunt.

67 1787 172 1864 Licet
187 1785 288 1860 baec
309 1783 452 1860 insecta
473 1785 562 1865 satis
584 1783 699 1884 agilia
721 1783 797 1858 sint
816 1783 1051 1864 etfacillime
1064 1813 1132 1865 vo-

69 1903 145 1984 latu
157 1903 279 1983 celeri
293 1904 495 2006 effugiant,
524 1903 553 1978 si
570 1903 616 1980 ad
630 1929 673 1978 ea
688 1901 979 2006 adpropinquas,
1005 1922 1133 1988 tamen

74 2023 247 2116 leminea,
280 2051 354 2100 ova
379 2023 557 2126 gignendi
589 2037 813 2123 occupatae,
846 2020 961 2124 bajus
990 2028 1134 2128 negotii
1159 2045 1163 2052 ’

85 2143 166 2218 adeo
182 2161 287 2224 totae
313 2159 401 2220 sunt
431 2161 473 2222 ut
500 2142 646 2220 nullam
664 2141 778 2216 aliam
797 2165 895 2231 rem,
920 2168 992 2219 nec
1014 2145 1134 2247 ipsam

91 2260 209 2354 timna,
230 2279 377 2342 curent.
431 2265 517 2340 Non
535 2264 659 2344 solum
678 2262 726 2338 ad
747 2260 910 2338 lubitum
935 2289 957 2338 e
979 2265 1135 2367 propin·

92 2405 156 2482 qno
179 2383 386 2474 observari,
419 2385 485 2462 sed
511 2383 639 2484 digitis
668 2409 690 2458 a
718 2382 824 2472 loco,
852 2409 929 2486 quo
957 2383 1133 2478 insident,

82 2503 207 2582 auferri
222 2504 442 2608 patiuntur,
468 2501 499 2576 si
522 2528 582 2582 eas
602 2518 727 2580 autem
748 2501 868 2604 digito
887 2504 1048 2612 adtingis
1070 2524 1136 2583 aut

78 2624 265 2715 deturbas,
292 2622 422 2726 potius
443 2620 549 2724 quasi
575 2623 747 2725 stupidae
772 2623 997 2705 delabentur
1022 2655 1135 2731 quam

77 2747 290 2824 avolabunt.
344 2743 426 2818 Hoc
448 2741 643 2818 observavi
664 2743 705 2818 in
724 2743 867 2846 libyssa
886 2749 1134 2848 persuasoria,

76 2893 139 2942 nec
155 2891 237 2942 non
250 2862 292 2938 in
308 2860 486 2964 Ephialte
507 2861 727 2940 carbonario
743 2865 952 2944 mediatore
964 2881 1004 2943 et
1016 2868 1137 2944 mani·

73 2985 265 3062 sectatore.
289 3025 341 3038 -·
365 2983 472 3080 Quae
485 2981 558 3074 hic,
580 2984 627 3058 de
642 2982 810 3060 moribus
820 3001 862 3062 et
876 2985 977 3064 vitae
991 2987 1138 3064 ratione

73 3100 430 3190 lebneumonidum,
456 3101 555 3180 laevi
566 3102 823 3180 delineatione
837 3103 992 3182 exhibui
1005 3106 1037 3182 ai
1052 3131 1139 3205 per·

72 3225 215 3326 lectius
226 3237 267 3300 et
281 3220 492 3300 accuratius
508 3245 740 3324 cognoscere
751 3222 893 3324 cupias,
920 3221 1022 3304 adire
1044 3223 1138 3302 velia

72 3371 188 3448 opera
216 3340 452 3432 Reaumurii,
479 3339 660 3445 Degeeri,
686 3341 869 3434 Roeselii,
902 3344 1139 3450 aliorumque

74 3463 379 3568 coryphaeorum
419 3462 766 3564 entomologorum3
804 3463 987 3568 quaedum
1025 3465 1140 3546 etiam

74 3583 213 3688 passim
229 3581 270 3656 in
284 3577 726 3684 bacchneumonologia
739 3599 1030 3662 commemorata
1041 3599 1154 3663 sunt..

58 3693 62 3698 ’
149 3705 215 3776 De
238 3699 380 3804 copulo
399 3697 533 3781 borum
562 3701 794 3781 insectorum
814 3703 912 3782 nibil
933 3731 956 3782 e
975 3704 1140 3806 propriis

75 3818 406 3899 observationibus
434 3821 605 3923 prolerre
628 3846 801 3922 possum,
828 3849 1021 3930 nunquam
1036 3822 1143 3902 enim

76 3937 172 4013 mibi
196 3939 397 4031 successit,
423 3966 492 4044 par
511 3939 648 4043 copula
674 3937 848 4042 junctum
874 3961 940 4022 aut
965 3941 1143 4044 copulam

76 4083 214 4158 parans
239 4057 429 4152 invenire,
455 4061 549 4138 licet
577 4059 704 4138 lorsan
729 4075 884 4140 centum
901 4063 1024 4156 millia
1046 4061 1145 4138 indi-

143 4193 236 4250 lcbn.
254 4195 367 4266 Europ.
387 4195 457 4252 Para
475 4195 500 4252 1.
807 4187 833 4256 7
