2686 4814
613 375 883 430 icuuuuuou
920 339 922 344 ’

400 779 1004 880 ἐΕοΉονΙ.

385 1111 387 1116 V
421 1115 563 1212 Scutcila
591 1141 733 1228 pallido,·
767 1099 946 1202 abdominis
976 1134 1085 1216 apice,
1117 1133 1284 1215 plerisque

420 1253 519 1314 ctiam
538 1245 658 1323 medio,
676 1239 971 1330 flavo-maculato
986 1250 1046 1298 aut
1064 1236 1239 1316 cingulum.

296 1475 492 1556 Interdum
511 1477 702 1570 segmenta
717 1462 911 1568 quaedam,
938 1455 1144 1563 praecipue
1157 1465 1184 1534 2
1196 1465 1282 1544 ets,

219 1621 302 1684 tota
322 1603 417 1675 flava
439 1605 539 1668 sunt.
554 1585 727 1664 -Iclua
750 1584 985 1685 vaginatorii
1005 1576 1176 1664 varietas,
1199 1601 1288 1652 acu-

222 1725 319 1804 tello
349 1719 429 1794 fere
456 1725 541 1786 toto
570 1708 696 1808 nigre,
730 1703 890 1810 propius
917 1697 1063 1774 accedit
1084 1695 1129 1770 ad
1149 1702 1290 1772 sectio-

222 1875 306 1926 nem
325 1853 362 1921 2.
417 1827 634 1910 Nonnullae
656 1825 801 1928 species
824 1821 1071 1924 (rusutorius
1093 1830 1133 1890 et
1143 1817 1291 1917 palliu-

223 1961 373 2059 torius)
389 1947 590 2056 segmentis
605 1945 711 2022 flavis
726 1943 856 2019 colore
869 1937 954 2014 rufo
967 1935 1106 2024 mixtis,
1126 1941 1293 2012 sectioni

223 2091 247 2168 5
271 2077 594 2186 adpropinquant,
626 2077 873 2141 veruntamen
901 2082 1050 2134 cumea
1077 2053 1178 2130 haud
1200 2080 1294 2156 pos.

224 2222 312 2284 sunt
334 2190 533 2279 confundi,
569 2211 654 2262 nam
682 2181 896 2286 speciebus,
931 2177 1132 2278 segmentis
1158 2185 1183 2254 2
1205 2190 1247 2250 et
1268 2184 1293 2254 3

222 2327 314 2404 totis
343 2316 449 2394 flavis
477 2309 569 2410 (hae
589 2319 715 2380 autem
737 2297 897 2382 sectioni
920 2301 945 2375 5
966 2293 1159 2398 proximae
1181 2298 1293 2392 sunt)

223 2448 287 2524 vel
307 2436 432 2518 omnia
454 2429 600 2530 reliqua
626 2438 817 2527 segmenta
843 2420 957 2496 etiam
984 2414 1294 2516 flavomarginata

221 2545 314 2644 'sunt
336 2563 390 2660 (v.
410 2583 442 2631 c.
474 2553 661 2628 occisorio
689 2558 727 2618 et
754 2539 961 2638 nuntiis),
995 2537 1057 2612 vel
1080 2533 1294 2618 abdominis

227 2712 323 2790 apex
344 2681 427 2781 ipse
453 2665 627 2754 rufescit,
655 2690 724 2739 uec
745 2663 876 2736 colore
903 2659 990 2733 albo
1014 2654 1216 2741 distinct0,
1253 2667 1297 2726 ut

226 2810 268 2884 in
289 2799 456 2880 sectione
479 2795 520 2882 5,
548 2785 715 2862 imbutus
731 2797 789 2857 est
819 2783 873 2882 (v.
897 2806 930 2854 c.
956 2777 1063 2854 Icizn.
1094 2775 1297 2874 institorio

228 2944 267 3006 et
284 2912 546 3030 palliatorio).
574 2948 627 2962 -
653 2905 748 2978 Sunt
766 2925 857 2976 vero
881 2899 997 2974 etiam
1017 2895 1127 2974 lehn.
1150 2897 1299 2997 pullin-

229 3053 324 3128 torii
343 3031 614 3117 xanthozosmi
632 3025 868 3126 succintorii
893 3017 1153 3121 erythropygi
1173 3029 1215 3089 et
1241 3021 1300 3087 in-

219 3165 415 3272 fractorii
435 3150 634 3230 varietates
661 3139 863 3242 segmentis
884 3137 1029 3213 ultimis
1048 3134 1141 3209 totis
1165 3130 1298 3234 nigris,

231 3313 327 3392 quae
351 3279 398 3354 ad
415 3279 617 3354 sectionem
639 3273 664 3343 7
695 3273 877 3364 spectant.

311 3403 341 3477 E
361 3405 525 3476 sectione
546 3394 570 3469 5
596 3383 1025 3464 &instrumentarius
1051 3387 1091 3449 et
1115 3375 1303 3447 terminu-

233 3530 357 3602 torius
383 3509 585 3618 segmentis
606 3515 632 3583 2
653 3519 692 3587 et
713 3512 736 3581 3
759 3500 865 3575 flavis
894 3511 960 3572 aut
980 3490 1175 3579 testaceis,
1209 3510 1303 3591 pro-

231 3645 319 3748 pius
352 3637 397 3712 ad
422 3635 520 3710 hanc
552 3627 760 3706 sectionem
793 3618 995 3706 accedunt;
1029 3617 1241 3690 suctione
1273 3613 1302 3682 7

232 3763 340 3843 lehn.
357 3757 547 3836 natatorii
560 3748 764 3824 luctatorii
781 3754 821 3815 et
835 3742 1083 3840 occupatoris
1097 3731 1301 3809 varietates

234 3893 427 3988 segmento
447 3881 471 3950 7
491 3880 635 3972 puncto
657 3862 757 3938 albo.

630 4081 932 4103 -u-——u
