2658 4806
230 345 304 424 ldd
628 342 897 400 tenunuuoa

310 526 545 607 ichneumon
556 515 757 621 fossarius
778 505 889 584 Fabr.
909 503 986 581 huc
1006 499 1106 578 haud
1127 492 1298 598 pertinet·

189 665 192 671 “
230 649 299 726 sad
317 647 365 722 ad
382 643 549 746 speciem
576 647 812 737 sequentem,
840 625 904 703 cui
929 623 1045 702 etiam
1064 617 1277 702 Ichneumon

233 766 382 849 Geoffr.
407 763 457 843 55
477 754 692 863 jungendus
714 775 795 829 esse
816 747 980 826 videtur.

560 1036 615 1102 82·
632 1061 635 1094 1
654 1022 688 1096 Ἰ.
707 1021 733 1090 F
736 1016 971 1090 OSSORIUS.
1106 1080 1108 1084 ,

436 1197 630 1269 Femoribus
652 1193 809 1278 tibiisque
830 1186 922 1254 ruiis.
946 1209 991 1252 m.
1015 1193 1049 1250 et
1070 1179 1095 1248 s.
1121 1173 1206 1262 (sem.
1222 1189 1267 1231 aa·

437 1314 611 1370 tennarum
632 1293 757 1364 annulo
781 1292 886 1379 albo).

312 1482 483 1559 Statura
515 1489 556 1552 et
587 1469 787 1577 proportio
819 1463 986 1572 partium
1016 1455 1098 1534 iere
1129 1447 1217 1525 sicut
1243 1437 1273 1510 iu

238 1605 367 1710 specie
389 1597 658 1704 praecedente,
687 1588 859 1668 antennis
886 1598 1053 1658 attamen
1078 1565 1274 1678 petioloque

238 1725 354 1830 paulo
368 1716 630 1804 crassioribus3
658 1709 843 1816 imprimis
863 1719 990 1781 autem
1008 1723 1087 1774 mas
1103 1680 1275 1769 abdomine

239 1847 385 1950 apicem
411 1864 540 1916 versus
568 1833 685 1937 magis
717 1841 933 1934 angustam,
969 1846 1040 1898 nec
1070 1841 1144 1892 non
1168 1800 1276 1880 colore

238 1964 392 2070 capitis,
420 1957 561 2038 differt.
869 1971 873 1976 ·
1232 1963 1236 1974 ·

316 2076 540 2183 Longitudo
569 2071 763 2175 572-77,
790 2068 988 2144 linearum.
1042 2061 1167 2156 Caput
1192 2062 1276 2120 mflss·

240 2206 380 2283 dibulis
407 2198 534 2276 medio
554 2196 781 2297 plerumque
811 2175 1167 2268 subruiescentibus.
1213 2157 1278 2240 An·

242 2345 378 2405 tannae
402 2316 549 2395 dimidii
579 2310 751 2412 corporis
778 2303 1041 2409 longitudinm
1074 2293 1188 2373 muris
1209 2298 1279 2382 p0r·

241 2462 386 2530 rect-ae,
402 2441 579 2542 feminae
608 2431 717 2534 apice
742 2427 936 2514 incurvae,
964 2416 1135 2496 articulis
1163 2389 1278 2486 845

242 2564 304 2644 vel
318 2559 494 2639 omnibus
515 2555 576 2634 vel
592 2548 768 2656 plurimis
789 2572 921 2622 eorum
938 2542 1054 2630 albis,
1083 2509 1278 2610 insraiuscis

243 2701 309 2762 aut
328 2673 572 2780 ferrugineis,
601 2679 714 2752 4-8
736 2667 925 2744 interdum
947 2663 1047 2738 infra
1069 2638 1278 2748 ferrugineis·

110 2893 113 2898 A
244 2805 413 2883 Thorax
442 2794 631 2872 interdum
658 2788 803 2868 iineola
837 2785 935 2862 inira
967 2785 1064 2870 alas,
1098 2770 1158 2850 vel
1187 2755 1279 2837 etiam

244 2938 387 3031 puncto
408 2931 494 2994 ante
516 2917 611 3006 alas,
639 2911 759 2987 rarius
779 2908 922 2984 lineola
948 2885 1181 2979 transversali
1202 2869 1279 2952 iusta

244 3044 465 3130 scutellum,
493 3035 588 3113 albis
610 3049 674 3109 aut
692 3029 880 3110 testaceis.
935 3022 1148 3102 Scutellum
1163 3001 1277 3080 album·

244 3171 348 3247 Alae
363 3155 773 3257 subsumatohyalinae,
801 3149 975 3251 stigmate
988 3135 1212 3244 nigrosusco,
1234 3130 1280 3186 Ν·

245 3289 323 3363 rius
344 3286 473 3387 picea,
502 3278 608 3355 radio
630 3291 670 3352 et
689 3274 815 3350 radice
835 3267 951 3344 fuscis
973 3277 1039 3338 aut
1063 3252 1167 3334 rufis,
1191 3249 1281 3336 s‘1¹¹³‘

246 3407 349 3483 nitria
371 3404 475 3501 nigra
498 3398 699 3482 autiusca,
726 3392 847 3466 rarius
862 3376 1157 3462 flavo-eborini.
1183 3345 1281 3436 Ρθᾶθ*

246 3525 318 3600 ruti
334 3537 400 3595 aut
417 3513 716 3602 diluta-crocei,
742 3511 861 3586 rarius
880 3505 1117 3612 pallidiorem
1143 3474 1235 3560 conis
1252 3469 1281 3594 fi

245 3637 551 3721 trochanteribus
567 3632 703 3736 nigris3
729 3632 834 3707 tibiis
849 3631 1074 3734 plerumque
1087 3596 1282 3691 flavoeboss·

248 3766 324 3853 nis,
352 3761 461 3864 apice
477 3757 698 3846 straminea,
724 3753 883 3857 posticis
901 3746 1049 3849 saepius
1065 3735 1168 3841 apice
1182 3715 1281 3811 ssissmi

246 3884 356 3962 tarsis
382 3877 541 3983 posticis
570 3876 685 3978 nigris
713 3888 779 3949 aut
805 3862 1123 3944 suscescentibus,
1148 3819 1282 3920 articulo

242 4005 371 4109 primo
386 4002 575 4077 interdum
592 3994 818 4097 ferrugineo.
868 3985 1072 4068 Abdomen
1086 3966 1202 4073 capite
1213 3945 1282 4024 ΨΟ·

247 4151 408 4228 raceque
423 4123 539 4226 paulo
554 4119 705 4222 longius
718 4113 912 4218 pauloque
927 4101 1131 4210 angustius,
1148 4076 1203 4163 Vel
1216 4063 1283 4142 ‘¹¹⁰'
