2658 4806
215 305 297 380 240
623 320 895 375 rcuuuuuou

216 488 327 592 nigro
347 488 411 565 vel
431 485 550 590 nigris
578 484 660 566 basi
687 487 815 578 badim
847 484 958 564 tarsis
981 483 1118 581 fuscis,
1151 489 1308 569 enticis

215 611 409 688 interdum
435 606 673 710 ferrugineis.
727 607 932 687 Abdomen
954 623 1152 710 segmento
1183 629 1308 690 sexto

216 731 280 812 vel
307 730 420 805 dorso
445 742 529 803 toto
564 726 627 805 vel
659 726 743 802 solo
777 728 945 829 margine
979 726 1083 819 albo,
1115 732 1309 834 septimo

215 849 330 928 dorso
356 849 456 926 albo,
479 889 533 906 -·
559 848 717 923 Caetera
738 847 837 922 sicut
857 847 896 922 in
918 849 1045 950 specie
1062 851 1249 951 genuina.

295 971 417 1074 Hujus
445 968 639 1044 varietatis
666 965 823 1042 feminas
844 967 936 1043 duas
964 996 991 1045 a
1018 970 1233 1072 Stilifried
1263 989 1306 1052 et

215 1094 388 1194 Moager
408 1090 450 1166 in
467 1087 628 1167 Sudetis
647 1088 812 1165 Silesioe
831 1104 1028 1192 ceperunt.
1068 1077 1070 1080 ⁵

295 1333 330 1412 5.
358 1329 586 1408 Femoribus
604 1353 725 1431 supro
748 1334 882 1428 nigris.
900 1369 954 1388 -
972 1328 1197 1430 Longimdo
1217 1334 1287 1429 37,

216 1455 302 1530 -5
315 1453 512 1527 linearum.
548 1448 671 1538 Pedes
686 1447 990 1524 trochnnteribus
1004 1449 1157 1551 posticis
1171 1451 1295 1528 maris

219 1572 408 1648 interdum
424 1569 570 1645 macula
586 1569 687 1657 alba3
706 1568 914 1644 femoribus
929 1569 1184 1646 anterioribus
1201 1573 1300 1649 rufis

217 1707 373 1768 externe
399 1689 534 1790 nigris,
567 1688 703 1764 mediis
730 1688 851 1764 rarius
872 1690 933 1764 vel
955 1689 1034 1765 fere
1055 1689 1146 1765 totis
1175 1691 1298 1796 nigris

218 1813 281 1889 vel
310 1809 500 1889 tereretis
522 1809 630 1898 rufis,
662 1809 821 1910 posticis
844 1809 957 1884 muris
979 1809 1099 1884 badiis
1121 1813 1242 1914 apice
1259 1830 1296 1890 et

211 1935 338 2010 intere
364 1955 533 2007 convexo
560 1930 850 2032 nigricantibus‚
885 1925 1046 2004 feminee
1072 1933 1165 2006 rufis
1190 1937 1302 2037 geni.

218 2054 309 2130 culo
324 2052 433 2154 nigro
448 2065 513 2125 aut
531 2048 784 2139 fuscescente3
811 2048 916 2125 tibiis
931 2048 1032 2138 rufis,
1054 2051 1197 2128 mediis
1214 2057 1301 2158 ple-

217 2201 379 2276 rumque
400 2187 504 2248 extra
524 2170 840 2260 fuscescentibus,
868 2168 1025 2273 posticis
1043 2170 1151 2273 apice
1168 2176 1300 2279 nigro.

214 2337 271 2356 --
291 2295 450 2368 Caetera
470 2290 570 2364 sicut
592 2291 632 2363 in
654 2290 781 2392 specie
802 2288 976 2392 genuina.

294 2415 429 2489 Moris
462 2407 697 2484 individuum
734 2436 921 2509 generense
943 2410 1109 2514 Spinola
1140 2439 1302 2494 mecum

212 2530 522 2618 communicavit,
540 2530 701 2605 alterum
717 2532 802 2633 cepi
819 2531 997 2632 Trojeetr'
1010 2530 1065 2608 ad
1080 2533 1122 2611 V
1121 2533 1303 2630 iodrum,

216 2653 294 2729 fine
317 2649 566 2753 Septembris,
594 2650 682 2725 loeo
702 2653 847 2753 apricO,
875 2650 977 2725 inter
996 2645 1175 2730 fruticeta
1199 2659 1304 2734 roli-

216 2785 312 2846 tans.
366 2774 549 2849 Feminae
570 2772 699 2874 plures
720 2786 853 2873 captae
879 2786 967 2847 sunt
989 2770 1030 2845 in
1051 2772 1225 2866 Silesia,
1262 2780 1302 2854 in

215 2891 433 2998 Hercynio,
460 2916 580 2995 prope
597 2891 872 2970 Hannoverum
893 2891 1066 2969 Genuum
1082 2907 1121 2970 et
1135 2895 1300 3002 Netley.

296 3142 331 3213 6.
361 3130 512 3212 orbitis
530 3135 730 3212 oculorum
755 3137 915 3209 internis
939 3130 1048 3211 olbis.
1070 3175 1123 3192 —
1148 3132 1305 3237 Longi·

215 3255 315 3336 sudo
341 3259 460 3335 s--t
491 3253 689 3329 linearum.
760 3256 891 3355 Caput
923 3249 1057 3328 orbitis
1089 3253 1302 3330 oculorum

217 3374 445 3450 frontalibus
494 3373 590 3449 albis
635 3371 887 3464 tenuissimis,
933 3375 1052 3450 rarius
1092 3370 1300 3450 obsoletis.

218 3495 342 3572 Pedes
374 3496 436 3570 vel
463 3495 619 3569 omuino
653 3493 752 3568 sicut
780 3492 820 3568 in
853 3494 982 3598 specie
1007 3491 1190 3596 genuina3
1235 3494 1303 3569 vel

219 3612 426 3692 femoribus
449 3613 603 3704 enticis,
638 3615 827 3691 rarissime
849 3614 964 3692 etiam
990 3611 1144 3702 mediis,
1180 3637 1304 3716 supra

219 3733 306 3834 plus
332 3732 456 3809 minus
483 3733 612 3837 nigris.
633 3777 686 3796 -·-
707 3737 866 3812 Caetera
886 3733 985 3812 sieut
1006 3734 1047 3810 in
1072 3732 1203 3838 speeie
1234 3759 1306 3836 ge-

249 3877 345 3928 urna.

219 3881 245 3930 ¹¹
296 3975 479 4052 Feminos
513 3975 710 4075 quasdam,
751 3976 793 4054 in
830 3978 975 4056 Silesr'n
1012 3988 1054 4052 et
1093 3972 1135 4050 in
1168 3975 1303 4054 Italia

219 4108 366 4200 eaptus,
401 4097 543 4202 accepi.
