2698 4810
231 321 307 402 248
628 332 903 387 rcusausson

232 498 365 606 gineis,
391 496 527 576 mediis
544 493 891 601 iuscoferrugineis‚
915 493 1071 599 posticis
1091 487 1206 574 fuscis.
1223 482 1265 552 ³·-

231 624 392 698 Caetcra
414 645 502 695 cum
522 617 663 696 femina
683 620 846 722 genuina
867 618 1106 696 conveniunt.

308 741 470 816 Unicum
487 738 726 816 individuum
741 741 946 842 serenicum
965 737 1152 838 Sohlberg
1165 749 1269 810 trans·

232 861 349 940 misit.

312 1039 347 1114 4.
381 1030 505 1110 Tibris
539 1029 657 1132 rufis,
695 1038 837 1111 coticis
869 1029 1006 1110 subtus
1038 1023 1266 1111 dilatioribus,

234 1160 396 1259 posticis
420 1161 530 1256 apice
554 1162 676 1254 nigro.
712 1153 737 1229 f.
767 1198 821 1211 —
847 1153 1017 1229 Thorax
1042 1149 1173 1229 lineola
1196 1159 1266 1222 ante

236 1275 315 1350 alas
332 1287 550 1379 punctoque
565 1273 660 1348 infra
675 1275 752 1349 alas
768 1273 874 1349 albis.
916 1272 1118 1354 Abdomen
1136 1269 1262 1371 nigrum,

238 1391 440 1496 segmentis
464 1395 578 1472 5-7
599 1392 745 1468 macula
760 1393 900 1470 dorsali
915 1396 1060 1500 glauca.
1076 1438 1127 1452 —
1140 1391 1261 1464 Caetera

238 1513 338 1589 siout
366 1513 403 1586 in
424 1512 563 1589 femina
581 1513 755 1616 genuina.

253 1711 259 1722 ,
315 1634 476 1710 Unicum
490 1634 726 1712 individuum
730 1637 933 1739 sennicum
950 1633 1142 1736 Sohlberg
1151 1647 1270 1706 mecum

240 1753 543 1832 communicavit.
1001 1753 1004 1762 ’

315 1943 351 2020 5.
379 1939 503 2018 Tibris
524 1937 637 2039 rufis,
654 1940 933 2048 posterioribus
949 1950 1061 2047 apice
1078 1950 1195 2045 nigro,
1217 1935 1274 2013 otis

229 2061 538 2167 suscolryolinis.
572 2061 599 2136 f.
629 2105 677 2120 «-
710 2062 933 2163 Longitudo
960 2065 1042 2142 fere
1061 2075 1086 2144 7
1105 2062 1273 2140 linearum.

240 2184 345 2262 Aloe
359 2179 873 2283 suscoserrugineohyalinae,
892 2183 1068 2287 stigmate
1079 2183 1170 2260 ruso.
1213 2169 1276 2253 Ab·

242 2305 379 2382 d⁰m0¹¹
410 2303 575 2404 nigrum,
609 2303 811 2404 segmentis
832 2311 858 2382 6
879 2321 919 2380 ct
946 2307 1135 2387 imacula
1160 2287 1276 2376 dorsali

241 2425 350 2502 flava.
370 2467 423 2482 -
446 2425 604 2500 Caetera
624 2450 712 2498 cum
732 2421 872 2500 femina
891 2428 1054 2528 genuina
1076 2425 1278 2525 congruente

241 2559 428 2620 antennae
454 2558 581 2620 autem
606 2543 800 2621 breviores
828 2561 931 2637 sunt,
966 2546 1173 2624 abdominis
1203 2555 1279 2640 apex

242 2665 408 2753 acutior,
436 2665 573 2768 quibus
588 2663 682 2740 haee
703 2665 864 2741 varietas
882 2667 1133 2746 Ichneomoni
1153 2677 1283 2759 compt-

246 2792 394 2864 totorr'o
417 2786 575 2889 propius
596 2785 759 2876 accedit,
788 2785 841 2861 ita
857 2801 900 2862 ut
917 2787 1021 2864 inter
1040 2789 1139 2865 hunc
1156 2798 1193 2862 et
1211 2770 1282 2855 sali·

243 2908 432 2984 catorium
452 2907 620 2982 medium
641 2921 780 2982 teneat.

323 3027 373 3104 Et
390 3027 490 3104 hanc
507 3025 687 3105 seminam
707 3027 855 3105 Fenuio
875 3026 1019 3132 genuit.

637 3248 915 3354 Synonymaz

322 3387 431 3468 lehn.
453 3391 706 3469 solicotorius
719 3387 911 3467 Gravenh.
934 3386 1164 3478 Pedemont,
1189 3408 1221 3460 n.
1234 3375 1286 3456 24·

499 3611 636 3688 Nota:

324 3747 504 3824 Feminae
520 3750 898 3852 segmentosecundo
913 3746 1115 3853 ruiopict0,
1142 3727 1290 3821 abdoml·

247 3867 306 3944 nis
325 3869 435 3973 apice
448 3869 628 3959 acutiore,
656 3872 815 3973 propius
831 3872 1016 3948 accedunt
1033 3871 1078 3946 ad
1093 3867 1197 3947 Ichn.
1219 3877 1292 3936 cor·

244 3990 439 4085 sutorium
453 3987 633 4064 sectionis
645 3989 811 4090 quintae,
826 3993 891 4067 sed
904 3993 1065 4097 pedibus
1078 3977 1291 4089 longioribus

245 4123 287 4186 et
311 4107 575 4213 gracilioribus
596 4107 892 4214 distinguuntur.
