2686 4814
620 361 892 416 lGHNEUMON

518 567 590 634 131.
634 559 661 630 1.
686 559 994 628 SEXALBATUS.

418 715 646 780 Antennarum
665 712 788 781 annulo
810 725 843 780 et
858 725 983 804 puncto
1004 713 1169 783 inlrualas
1183 715 1285 800 albis3

421 815 597 902 segmentis
634 824 738 891 1—4
780 815 962 884 semoribus
999 815 1156 904 tibiisque
1197 821 1288 900 ruiis,

419 917 511 984 tibiis
534 917 674 1008 posticis
697 919 790 1009 apice
813 921 922 1008 nigro.
966 915 991 986 l.

291 1076 465 1155 Statura
491 1089 531 1152 et
559 1076 758 1178 proportio
793 1075 959 1179 partium
987 1069 1150 1156 feminae
1175 1079 1286 1158 Icta.

214 1203 449 1284 extensorii,
482 1196 548 1272 sed
584 1196 744 1298 pedibus
779 1196 896 1299 paulo
931 1195 1166 1274 fortioribus.
1226 1202 1286 1276 Ab

214 1321 327 1399 chn.
357 1320 541 1396 cullicero
570 1331 609 1393 et
634 1316 764 1421 lepido
796 1315 891 1392 haec
926 1316 1073 1422 species
1110 1320 1284 1396 antennis

215 1438 461 1516 crassioribus
487 1434 628 1514 differt.

289 1557 513 1659 Longitudo
528 1559 684 1658 3¹l3-4
697 1557 895 1634 linearum.
938 1562 1069 1663 Caput
1084 1557 1207 1662 pulpis
1221 1559 1284 1662 pi-

213 1679 302 1768 ceis,
311 1679 449 1782 clypeo
464 1677 652 1754 interdurn
667 1675 908 1764 rul0,0rbitis
924 1680 1123 1755 oculorum
1138 1680 1287 1756 lrouta-

213 1801 314 1879 libus
333 1799 605 1876 flavicantibus.
649 1800 853 1878 Antennoe
867 1800 1036 1876 articulis
1052 1803 1287 1882 9—15-16

215 1949 325 2026 supra
342 1937 381 1998 et
395 1919 577 1997 lateribus
597 1916 711 2009 albis,
741 1922 985 2022 sequentibus
1008 1920 1140 1996 subtus
1162 1920 1287 1997 inter·-

215 2047 304 2122 dum
324 2040 566 2142 ferrugineis,
596 2038 720 2141 primo
734 2039 854 2114 rarius
872 2041 1003 2117 subtus
1021 2040 1117 2117 rulo.
1175 2042 1285 2118 Tbo-

213 2195 295 2245 rax
324 2163 416 2242 colli
443 2158 611 2262 margine
639 2185 803 2261 superno
830 2179 1050 2265 punctoque
1076 2160 1174 2236 inira
1202 2165 1284 2239 alas

212 2287 325 2377 albis,
353 2283 542 2359 interdum
558 2296 702 2381 puncto
717 2277 801 2355 rulo
816 2296 902 2357 ante
919 2281 1008 2358 alas.
1062 2283 1283 2362 Scutelluur

211 2407 352 2486 album.
381 2406 485 2482 Arae
500 2399 905 2502 sublumatohyalinae,
928 2401 1102 2504 stigmate
1118 2419 1158 2480 et
1172 2405 1282 2480 radio

210 2525 341 2630 piceis,
368 2522 493 2596 radice
505 2520 613 2625 picea
629 2537 693 2595 aut
710 2522 922 2612 straminea,
946 2523 1141 2626 squamula
1157 2522 1280 2602 lusca.

211 2645 334 2746 Pedes
360 2643 451 2732 ruli,
479 2640 584 2717 coxis
611 2656 650 2717 et
677 2642 983 2721 trochanteribus
1009 2644 1143 2746 nigris;
1172 2662 1283 2722 antc-

210 2768 330 2842 riores
356 2763 542 2839 semorum
568 2762 689 2840 latere
716 2788 886 2840 convexo
913 2763 1022 2866 nigro
1050 2782 1114 2841 sut
1135 2765 1283 2842 lusces-

210 2903 338 2974 cente,
379 2883 517 2986 postici
551 2883 660 2986 apice
696 2909 843 2959 summo
874 2883 1060 2962 femorum
1094 2885 1203 2964 tarsis
1241 2903 1283 2964 et

208 3007 317 3111 apice
337 3004 516 3082 tibiarum
541 3003 659 3105 nigris
686 3021 751 3079 aut
778 3004 908 3082 luscis.
961 3004 1164 3085 Abdomen
1193 3035 1283 3110 seg-

208 3128 344 3205 mentis
368 3131 481 3204 1-4
505 3126 614 3215 rufis,
642 3131 668 3204 4
689 3125 878 3200 interdum
898 3125 1004 3204 disco
1025 3127 1149 3218 lusco,
1178 3129 1281 3208 bin-

207 3251 356 3327 terdum
371 3247 448 3322 basi
466 3261 505 3322 et
518 3246 687 3350 margine
705 3271 850 3320 summo
869 3245 1004 3348 nigris,
1033 3253 1109 3324 bet
1122 3256 1146 3325 7
1160 3247 1279 3324 dorso

210 3371 319 3446 albis.

284 3489 441 3567 Femina
463 3512 537 3563 una
559 3511 680 3589 prope
693 3485 993 3587 Norimbe'rgam
1010 3486 1130 3563 altera
1150 3513 1276 3591 prope

204 3611 506 3689 Siclrersbuuseu
546 3623 655 3713 capta
694 3623 769 3700 est,
809 3608 939 3698 tertia,
977 3605 1275 3710 pedemontunu,

206 3731 286 3808 illis
308 3732 430 3830 major
451 3746 509 3805 est
529 3748 568 3807 et
588 3729 752 3805 articulo
775 3727 899 3832 primo
921 3744 1168 3814 antennarum
1186 3732 1277 3808 sub·

205 3869 267 3930 tus
287 3854 502 3958 clypeoque
523 3855 614 3928 rufis
634 3851 826 3926 distincta.

600 4020 879 4122 Synonyma:

202 4160 313 4242 Ictu.
328 4158 560 4242 serculbutur
573 4157 765 4236 Gravenb.
782 4158 929 4235 Pedem.
950 4185 984 4233 n.
1003 4159 1064 4238 45.
