2704 4806
222 339 275 390 ΧΗ

223 502 308 578 loca
328 500 396 576 illa
413 497 637 576 intermedia
651 491 852 602 occupant,
875 523 968 603 aquo,
996 527 1082 578 cum
1095 502 1144 580 (le
1162 503 1313 607 specie

222 631 385 743 quadam
404 637 541 715 dubius
560 663 618 728 es,
653 635 737 710 illic
758 635 873 713 dubia
893 655 957 715 tua
976 641 1124 718 solvere
1153 641 1305 744 possis.

223 779 430 881 Praecipue
449 790 575 852 autem
598 774 638 850 in
659 772 873 850 delinienda
895 777 1025 881 specie
1050 804 1206 854 necesse
1236 795 1307 856 est

217 929 265 991 ut
287 941 364 990 non
379 914 504 990 solum
516 937 577 1004 ea,
606 909 757 1015 quaein
775 912 875 987 notis
890 915 1129 1015 generalibus
1151 915 1307 991 sectio-

221 1051 292 1141 nis,
320 1051 384 1127 ubi
399 1049 565 1152 speciem
580 1047 740 1153 quaeris,
758 1050 900 1140 monui,
925 1051 990 1127 sed
1005 1051 1119 1128 etiam
1134 1052 1305 1153 diagno-

222 1213 284 1266 ses
312 1187 556 1278 varietatum,
599 1186 791 1276 consulas,
832 1188 977 1265 multae
1009 1188 1111 1264 enim
1141 1189 1301 1290 specics

221 1325 351 1400 colore
372 1324 611 1428 picturisque
634 1325 788 1402 scutelli
816 1323 1028 1402 abdominis
1054 1339 1094 1403 et
1121 1325 1302 1430 reliqua-

218 1485 303 1539 rum
326 1460 491 1562 partium
513 1462 684 1564 corporis
706 1462 864 1539 variant.

297 1597 421 1674 Erunt
440 1600 523 1678 sine
542 1599 661 1677 dnbio
691 1600 757 1704 qui
785 1598 1041 1690 mirabuntur,
1075 1625 1151 1690 me,
1186 1599 1300 1678 inter

218 1733 456 1813 characteres
480 1737 719 1816 distinctivos
747 1761 925 1840 generum
953 1755 993 1814 et
1022 1739 1293 1841 subgeuerum,

220 1873 384 1978 partium
414 1875 491 1952 oris
519 1873 664 1949 nnllam
696 1876 883 1950 rationem
912 1876 1099 1953 habuisse.
1161 1877 1291 1953 Omisi

218 2029 345 2090 autern
367 2011 433 2087 has
453 2025 579 2116 partes
598 2011 686 2114 quia
708 2010 809 2089 hand
829 2038 874 2088 eo
895 2015 1095 2116 pervenire
1113 2029 1291 2114 poteram

217 2165 261 2228 ut
273 2178 334 2227 eas
349 2152 389 2228 in
402 2150 589 2240 omnibus,
606 2149 667 2226 vel
683 2150 816 2225 saltem
830 2150 869 2224 in
885 2151 1071 2253 plurimis,
1086 2150 1289 2255 speciebus

217 2305 393 2366 accurate
420 2288 689 2375 examinarem,
724 2288 826 2389 quod
855 2303 980 2364 tamen
1004 2288 1097 2363 mihi
1131 2315 1288 2366 necesse

216 2451 300 2502 esse
322 2423 536 2512 videbatur,
566 2423 597 2498 si
624 2423 748 2525 legem
769 2427 1001 2525 generalem,
1028 2426 1075 2501 de
1096 2426 1174 2500 illis
1196 2449 1285 2527 par-

216 2563 319 2640 tibus
333 2564 555 2652 desumtam,
568 2583 785 2663 proponere
800 2563 952 2638 vellem.
995 2565 1155 2637 Constat
1170 2561 1282 2651 enim,

218 2702 348 2804 plures
369 2699 515 2802 species
532 2699 571 2774 in
586 2697 728 2774 fabrica
743 2697 821 2775 oris
834 2701 998 2790 differre,
1024 2727 1121 2803 quae
1141 2698 1285 2774 nihilo-

217 2838 341 2914 minus
363 2836 522 2940 reliquis
535 2836 635 2911 notis
653 2835 806 2912 interae
822 2854 1130 2940 congruuntnec‚
1148 2863 1284 2913 secun-

215 2978 306 3052 dum
327 2977 478 3078 regulas
507 2973 721 3078 systematis
745 2976 945 3065 naturalis,
988 2975 1028 3050 in
1048 2975 1125 3051 duo
1145 3001 1282 3077 genera

215 3113 379 3218 separari
401 3126 571 3217 possunt.
627 3113 754 3215 Opera
777 3114 1009 3216 entomologi
1029 3113 1279 3228 celeberrimi,

215 3255 281 3358 qui
303 3253 479 3328 conditor
498 3259 580 3326 erat
602 3251 815 3352 systematis
838 3251 1118 3352 entomologiae
1140 3251 1279 3324 instru-

215 3392 353 3468 mentis
380 3387 533 3464 cibariis
563 3388 830 3490 superstructi,
871 3388 942 3465 hac
971 3388 1011 3464 in
1037 3413 1079 3464 re
1106 3389 1274 3488 exempla

215 3527 396 3605 exhibent
419 3525 664 3616 deterrentia,
697 3551 808 3630 quam
826 3543 970 3604 temere
991 3541 1106 3628 agunt
1128 3526 1193 3628 qui
1214 3550 1276 3626 ge-

213 3693 302 3743 nera
316 3679 407 3753 tota,
423 3664 572 3767 copiam
584 3691 754 3766 magnam
771 3669 982 3768 specierum
997 3662 1272 3766 amplectentia,

213 3803 304 3880 solis
320 3802 489 3906 partibus
502 3803 589 3892 oris,
618 3801 658 3876 in
673 3803 803 3905 paucis
818 3817 965 3879 tantum
978 3800 1176 3905 speciebus
1192 3825 1275 3874 exa-

213 3942 386 4031 miuatis,
412 3939 588 4031 delinire,
621 3939 759 4018 deinde
780 3956 906 4017 antem
927 3940 1092 4041 reliquas
1116 3935 1269 4040 species,

211 4080 382 4186 partibus
403 4077 480 4158 oris
499 4103 629 4156 earum
644 4079 847 4183 nequidem
861 4077 1059 4184 inspectis,
1088 4103 1136 4154 ne
1151 4076 1270 4155 dicam
