2658 4806
237 301 310 378 tot
568 267 594 326 1
636 311 909 369 sonnnnnos

232 499 319 562 toto
339 479 405 561 vel
425 479 510 557 solo
530 478 639 583 spise
658 479 810 558 sordide
826 469 1274 578 strsmineidentferrsgi·

236 603 335 691 neis3
361 600 615 677 tibiisenticis
629 599 763 676 subtus
778 599 1015 702 ferrugineis,
1041 599 1102 674 vel
1114 599 1210 673 tibiis
1222 623 1274 670 an-

235 723 440 799 terioribus
455 721 545 796 rufis
561 736 627 796 out
639 718 984 823 fuscoserrugineis,
1011 717 1152 808 enticis,
1176 718 1275 792 inter-

237 841 456 922 demetiam
470 839 621 931 mediis,
650 840 798 916 interne
819 837 1159 941 stramineopioeis3
1181 832 1274 910 tersis

239 961 491 1038 anterioribus
514 961 740 1062 plerumque
765 957 1126 1062 fuscoferruginein
1162 954 1277 1036 Abda·

239 1087 323 1160 men
341 1081 593 1182 sobopnonm,
620 1080 770 1182 nigrum
790 1094 856 1154 sut
875 1079 1206 1182 nigroviolieeom
1229 1073 1276 1148 in·

239 1198 677 1302 terdnmsusconigrum,
704 1191 1275 1305 segmentoramsnmmisnergi-

241 1320 351 1400 nibus
372 1318 568 1398 castaneis.

318 1439 560 1518 Individuum
595 1465 712 1517 unum
745 1438 886 1520 Fehler
920 1465 1045 1543 prope
1079 1437 1275 1534 Gottingam

241 1556 364 1662 oepitt
397 1559 577 1651 alterum,
609 1559 949 1663 pedemontanam,
982 1559 1133 1637 Bonelli
1156 1573 1278 1630 meeum

241 1677 552 1772 communicavit,
576 1680 734 1758 tertium
750 1680 790 1758 in
803 1705 933 1762 museo
949 1683 1114 1760 Comitis
1126 1676 1171 1758 de
1180 1663 1279 1774 Hoff-

245 1822 453 1903 mannsegg
472 1798 568 1890 vida
594 1813 769 1904 quartum
790 1801 1078 1904 setsennionm.
1180 1835 1182 1840 ·

587 2037 591 2044 '
639 2023 917 2124 synonymae

244 2159 354 2244 Isin.
374 2172 623 2241 restaurator
640 2158 833 2241 Gravenh.
857 2155 945 2236 Ped.
968 2183 1007 2235 n.
1034 2159 1093 2240 ts.

463 2431 465 2436 ·
500 2383 635 2460 Note:
649 2425 667 2464 ι.

293 2576 295 2584 ,
325 2519 371 2596 In
386 2543 520 2596 museo
534 2522 699 2597 Comitis
714 2515 1089 2622 deHoffmonnsegg
1106 2515 1196 2594 hana
1215 2529 1281 2611 spt-

248 2639 346 2716 ciem
368 2641 436 2716 sub
458 2640 611 2715 nomine
630 2641 738 2720 lehn.
754 2650 1034 2720 restauratoris
1048 2643 1079 2716 F
1081 2639 1154 2713 abr.
1169 2622 1280 2734 reperi,

249 2761 314 2836 sed
335 2757 518 2834 abdomen
537 2751 729 2860 pedesque
752 2760 869 2862 picei,
897 2787 992 2864 quos
1018 2755 1204 2836 Fabricius
1228 2765 1282 2822 suo

249 2879 497 2957 ichneumoni
512 2873 639 2968 dedit,
661 2880 707 2953 nd
722 2887 890 2954 nostram
911 2882 1077 2983 speciem
1098 2875 1192 2954 hand
1208 2889 1282 2971 qut·

248 2999 369 3088 drent,
391 2999 456 3074 sed
470 2998 598 3101 potius
614 2999 661 3074 ad
675 3017 843 3076 nostrum
856 3027 1028 3079 serenam
1045 3031 1081 3080 n.
1101 2987 1181 3078 199.
1208 2991 1283 3064 0⁸0·

248 3136 373 3196 terum
385 3135 513 3196 eutem
534 3145 625 3196 cave
644 3147 692 3197 ne
714 3120 810 3198 hana
825 3120 990 3223 speeiem
1004 3109 1203 3197 oonfundss
1215 3127 1283 3184 cum

250 3243 359 3320 lehn.
379 3259 645 3322 restauratore
673 3240 782 3316 Febr.
815 3241 902 3316 Ent.
923 3243 978 3330 II,
1005 3265 1043 3342 p.
1070 3241 1155 3324 151,
1181 3261 1213 3308 n.
1234 3228 1282 3308 76,

251 3387 365 3462 quem
387 3377 520 3438 auctor
536 3377 686 3461 postea,
714 3361 755 3434 in
770 3363 865 3461 Syst.
883 3361 982 3436 Piez.
1007 3386 1088 3463 peg.
1104 3366 1169 3444 88,
1193 3347 1282 3426 nte,

251 3480 298 3554 nd
321 3483 494 3583 Crypton
512 3478 675 3578 redegit,
702 3479 840 3580 cuique
858 3481 1051 3559 Iahneom.
1067 3477 1285 3554 restaurator

253 3597 406 3687 Villers,
426 3599 567 3689 Gmel,
588 3597 734 3698 Christ,
762 3600 920 3694 Olivier,
947 3599 1067 3692 Rossi,
1094 3590 1283 3698 Thunberga

251 3719 526 3800 consociandus
546 3735 617 3798 est.
