2692 4814
383 331 484 384 rans.
515 316 546 398 Ι,
574 329 690 384 secr.
718 335 744 384 1.
1024 315 1098 390 127

287 495 425 574 Notat
474 475 477 483 Ι

111 641 171 716 De
191 635 304 716 lein.
325 640 563 736 castigatore
579 633 689 710 Febr.
706 632 772 711 diu
794 633 962 712 incertus
983 659 1100 728 eram:

57 787 119 834 curn
139 774 275 835 auctor
296 753 419 830 aculei
443 757 516 831 ruli
544 755 708 832 feminae
736 755 968 832 mentionem
986 755 1097 846 iacit3

54 859 270 982 Trentepobl
285 891 423 964 autem,
439 877 504 979 qui
519 874 616 951 hanc
632 873 797 978 speciem
808 875 849 950 in
862 875 946 979 ipso
961 875 1098 954 Museo

50 999 258 1077 Fabriciano
280 993 527 1084 examinavit,
554 991 669 1068 dubia
693 993 820 1070 omnia
840 993 1039 1098 dissipavit
1058 1011 1099 1074 et

49 1147 200 1197 rnorem
216 1113 385 1192 Fabricii
398 1113 447 1189 de
459 1113 594 1190 aculeo
609 1111 696 1189 rufo
711 1112 874 1190 feminae
889 1114 1044 1192 detexit.

109 1232 349 1338 Trentepobl
376 1233 422 1330 (l.
444 1257 477 1308 c.
508 1258 545 1336 p.
569 1241 639 1322 23,
667 1259 704 1310 n
732 1233 799 1334 11)
820 1235 960 1324 credit,
987 1233 1096 1312 lehn:

48 1359 338 1440 custodintorem
350 1352 459 1429 Fabr.
477 1351 726 1451 (cessaturam
742 1380 779 1430 n.
796 1357 868 1454 27)
883 1353 996 1456 hujus
1011 1381 1099 1458 spe·

46 1483 108 1560 ciei
119 1479 342 1557 varietatem
355 1499 455 1555 esset
482 1471 686 1574 descripsit
705 1499 859 1578 quoque
876 1475 1097 1552 variantem

47 1596 300 1677 custodiatoris
320 1623 343 1674 e
362 1595 500 1670 Museo
517 1593 548 1666 F
550 1591 742 1670 abriciauo
749 1651 760 1684 ,
786 1593 986 1672 abdomine
1011 1612 1098 1672 toto

50 1721 160 1822 nigro,
186 1741 299 1821 quam
319 1739 409 1790 vero
431 1714 514 1816 ipse
534 1738 604 1817 pro
625 1712 755 1818 specie
778 1714 931 1816 propria
959 1715 1098 1794 habere

52 1839 189 1914 mavult.
243 1837 387 1911 Forsan
406 1848 532 1911 autem
552 1831 645 1910 haec
666 1831 766 1908 nibil
785 1833 890 1910 aliud
909 1850 967 1912 est
984 1863 1098 1939 quam

58 1958 196 2034 sariems
216 1961 469 2058 castigatoria
487 1968 553 2030 aut
575 1956 787 2034 lineatoris.
930 1945 937 1962 ’

354 2323 405 2384 11.
446 2304 782 2380 LBILINEATUS.

207 2480 394 2550 Abdomine
405 2477 767 2568 nigrocoerulescente,
790 2475 972 2548 femoribus
985 2479 1099 2548 tibiis-

197 2589 271 2670 'que
294 2579 383 2648 ruiis.
415 2607 460 2650 m.
484 2591 519 2647 et
538 2577 562 2648 i.
585 2577 624 2666 (i.
642 2581 795 2647 antennis
823 2577 1097 2670 albonnnulatis).

124 2787 259 2865 Statura
283 2802 323 2866 et
343 2787 543 2892 proportio
571 2789 736 2891 partium
761 2788 870 2868 tcta.
899 2793 1101 2890 nigritarii

63 2919 91 2976 et
107 2917 339 2987 comitaturis
347 2939 360 2996 ;
387 2909 452 2984 sed
469 2935 549 2985 mas
571 2907 742 2986 antennis
770 2910 888 3012 paulo
914 2909 1101 2987 breviori·

57 3018 129 3117 bus,
153 3029 350 3104 abdomine
375 3027 522 3131 apicem
551 3053 681 3104 versus
710 3030 927 3131 angustiore
953 3043 993 3106 et
1012 3029 1104 3106 niti-

55 3141 161 3239 diore,
186 3148 326 3225 femina
348 3148 519 3224 antennis
542 3139 658 3250 paulo
680 3147 955 3248 gracilioribus.

118 3265 336 3372 longitudo
351 3267 679 3347 4—71inearum.
716 3269 846 3369 Caput
859 3265 994 3342 orbitis
1008 3289 1103 3343 ocu·-

53 3378 163 3464 lorum
178 3389 356 3478 internis,
383 3385 685 3464 distinctioribus
707 3402 774 3462 aut
792 3386 1100 3480 obsoletioribus,

52 3503 150 3598 albis,
175 3508 328 3586 leminis
349 3508 463 3586 etiam
482 3506 645 3610 vestigio
674 3520 931 3589 externarums
959 3509 1104 3588 mandi-

52 3619 140 3702 bulis
153 3629 265 3706 maris
279 3629 406 3705 inedio
421 3627 524 3704 ruiis.
550 3727 555 3736 ε
573 3627 951 3706 Antennnelemi'oae
963 3631 1105 3707 articu·
1155 3725 1165 3732 -

51 3739 91 3816 lis
115 3753 253 3829 9-15
282 3762 347 3824 aut
377 3752 541 3826 10-14
566 3761 679 3850 supra
706 3763 747 3826 et
778 3749 959 3826 lateribus
993 3751 1101 3828 albis.

49 3863 206 3945 Thorax
225 3869 388 3946 feminae
412 3883 555 3971 puncto
576 3869 663 3945 albo
683 3884 770 3946 ante
790 3871 885 3962 alas,
914 3872 1109 3947 interdum'

47 3984 224 4065 obsoleto.
279 3991 496 4068 Scutellum
516 3989 629 4064 maris
648 3990 800 4094 punctis
815 3991 962 4067 duobus
978 3989 1111 4093 apina-⁹
1240 4029 1245 4036 ·

46 4097 138 4182 libus
156 4109 310 4214 pallidis
325 4109 626 4188 obsoletissimis.
663 4114 768 4192 Alae
782 4109 1114 4214 iumatobyalinao
