2674 4816
62 287 64 292 ⁵
195 322 274 414 466
539 383 542 392 ,
583 327 868 388 unumunurn
908 347 910 351 v

202 504 312 598 lehn.
330 493 499 608 pientius
520 497 671 576 Olivier
685 526 724 603 p.
751 507 840 592 167,
872 523 909 578 ιι.
931 503 1001 591 175
1033 493 1182 576 habitu
1198 519 1264 602 peu

214 677 217 686 .
405 635 525 698 totam
551 619 756 723 Europam}

246 797 269 835 ,‚
321 741 578 820 Walckenaer
597 766 635 842 p.
651 741 728 831 51,
755 768 793 819 n.
819 747 882 820 16.

244 917 268 953 „
319 859 522 939 Bechstein
546 887 585 962 p.
608 861 703 949 955,
731 887 767 936 n.
788 867 825 940 6.

199 1023 217 1062 a
245 1018 279 1073 „·
321 981 473 1058 Thunh.
491 979 621 1069 lehn,
649 1007 687 1056 n.
721 988 756 1059 1.
1096 1065 1098 1069 Α

243 1155 266 1192 ,,
318 1103 500 1206 Trentep.
528 1098 570 1176 in
589 1098 691 1178 Iside
709 1097 798 1177 anni
814 1105 926 1192 1020,
952 1120 991 1203 p.
1016 1108 1115 1191 266,
1141 1098 1265 1178 n.51.·

447 1323 588 1400 Notat

212 1509 218 1517 »
268 1460 371 1538 Haeo
391 1459 538 1566 species
563 1485 679 1562 saepe
701 1485 791 1536 oum
812 1455 921 1538 lein.
935 1460 1097 1560 fusorio
1118 1472 1161 1536 et
1179 1483 1259 1534 enm

193 1583 325 1680 Trogo
353 1583 499 1658 luterio
518 1579 676 1658 confusa
702 1597 772 1658 est.
825 1580 1042 1668 Fabricius,
1075 1579 1117 1654 in
1138 1581 1263 1681 Syrte·

191 1717 293 1788 mate
320 1700 612 1802 Entomologine
638 1716 679 1778 et
704 1700 746 1776 in
772 1700 977 1804 Speciebus
1002 1701 1142 1776 Insect.
1163 1705 1264 1802 piso·

192 1827 293 1898 rium
308 1823 557 1925 etsnsorium
572 1821 833 1924 conjunxerat,
855 1836 988 1924 postea
1001 1833 1129 1896 autem
1141 1819 1265 1896 diver·

191 1940 349 2022 sisaram.
366 1942 563 2022 amborum
590 1940 755 2044 agnovit.
826 1938 975 2017 Olivier
1001 1938 1134 2028 etiam,
1176 1937 1262 2014 loco

191 2088 304 2165 supra
334 2062 517 2167 allegam,
559 2064 770 2166 suspicatus
804 2076 877 2152 est,
917 2066 1106 2164 pisorium
1133 2056 1261 2136 forsan

190 2183 410 2258 varietatem
430 2185 586 2284 suasorii
604 2209 696 2260 esse.
751 2182 980 2284 Plerumque
1008 2180 1055 2255 ad
1072 2185 1261 2284 pisorium

190 2301 367 2390 laudatur
401 2302 608 2381 Schaefieri
636 2306 795 2378 leonum
826 2302 902 2378 tab.
938 2307 963 2379 6
993 2301 1054 2403 fig.
1088 2305 1155 2392 12,
1198 2293 1261 2372 ubi

189 2437 315 2498 autem
337 2447 415 2498 mas
428 2426 584 2525 fusarii
597 2422 788 2498 exhibitus
802 2437 872 2498 est.
909 2419 1075 2518 Quidam
1089 2432 1261 2494 auctores

189 2541 235 2614 ad
249 2549 438 2644 pisorium
454 2543 568 2618 etiam
583 2542 766 2618 adhibent
779 2540 987 2618 Schaefferi
1001 2542 1106 2616 Icon.
1118 2539 1196 2616 fab.
1212 2545 1261 2616 20

188 2663 250 2762 fig.
279 2671 319 2750 83
346 2660 422 2736 tab.
448 2671 509 2752 70,
537 2663 598 2763 fig.
617 2670 658 2752 63
684 2663 760 2737 nb.
782 2668 867 2752 114,
895 2663 957 2765 fig,
975 2670 1016 2749 13
1043 2654 1259 2736 etschseff.

188 2781 309 2857 Elem.
339 2780 414 2857 tab.
444 2791 514 2872 72,
548 2783 610 2885 fig.
643 2789 677 2858 1.
732 2784 795 2857 De
814 2781 891 2858 tab.
913 2789 966 2860 20
997 2781 1059 2882 fig.
1084 2788 1107 2858 8
1137 2780 1261 2856 adhue

187 2900 325 2978 dubius
345 2928 447 2992 sum,
481 2930 572 2978 num
592 2899 639 2976 ud
661 2908 849 3004 pisorium
876 2927 969 2978 num
995 2900 1043 2975 ad
1057 2901 1262 3002 susorinm

186 3022 318 3098 referri
341 3022 495 3111 debeat3
522 3024 666 3097 Panzer
684 3049 766 3096 eam
788 3048 859 3127 pro
879 3021 991 3100 Ichn.
1015 3026 1262 3122 exspectorio

186 3140 311 3232 habet,
338 3171 450 3247 quem
465 3170 551 3218 cum
562 3143 726 3246 fusorio
741 3141 937 3245 conjunxi.
986 3139 1079 3214 Tub.
1095 3147 1146 3218 70
1161 3143 1223 3242 lig.
1240 3146 1264 3218 6

186 3279 245 3338 est
268 3262 408 3339 femina
422 3266 585 3368 susorii.
639 3262 732 3337 Tab.
754 3269 828 3340 114
849 3261 912 3361 fig.
938 3259 1260 3340 1exhibet1cln.

176 3384 434 3484 sugotorium
467 3381 641 3472 Panzeri,
682 3408 702 3458 a
743 3407 805 3456 me
841 3407 929 3455 eum
964 3381 1129 3482 sarorio
1170 3405 1262 3458 con·

186 3502 372 3600 junctum.
429 3503 549 3578 Elem.
574 3501 648 3576 tab.
680 3509 730 3578 72
751 3500 813 3601 fig.
832 3509 852 3578 1
865 3502 1068 3601 senorium
1090 3499 1259 3577 exhibet.

199 3671 205 3680 ·
262 3623 475 3698 Varietates
515 3627 670 3726 pisorii,
718 3618 919 3695 abdomine
964 3635 1049 3694 ιοιο
1088 3618 1262 3697 antennis

187 3738 472 3843 femoribusque
486 3739 730 3844 ferrugineis,
759 3765 917 3840 quarum
936 3738 1115 3815 nonnulli
1131 3755 1265 3814 aucto-

186 3885 245 3935 res
279 3860 440 3959 (Linne,
476 3861 637 3950 Villers,
667 3859 816 3958 Christ)
845 3858 1079 3934 mentionem
1103 3859 1263 3946 facium,

185 3979 267 4056 sine
286 3979 404 4054 dubio
428 3978 476 4051 ad
499 3983 673 4079 Trogum
696 3983 881 4057 latorium
903 3977 1133 4082 redigendae
1161 3992 1262 4056 sunt.

184 4097 391 4200 Schnefferi
419 4100 523 4176 leon.
549 4099 623 4176 sab.
652 4109 722 4189 20,
757 4102 822 4205 lig.
845 4108 888 4192 6,
916 4125 1029 4204 quam
1051 4101 1196 4176 Panzer
1216 4093 1264 4172 ad
