2706 4810
240 293 318 368 696
608 291 931 360 surruuu'auru

242 473 358 553 antici
378 471 484 552 tibiis
508 469 697 573 tonsisque
717 470 1063 564 stramiaco-rufis,
1089 495 1199 575 supra
1213 468 1279 546 ins·

241 592 503 682 cescentibus3
556 591 788 697 posteriores
826 619 969 670 summa
1006 590 1087 669 basi
1120 593 1280 668 tibiarum

243 714 380 788 albida.
459 712 661 792 Abdomen
705 712 1055 814 nigrocoeruleum,
1107 725 1280 822 segmento

242 841 268 912 7
292 833 395 916 linea
420 832 690 942 longitudinali
716 833 814 918 alba.

565 1143 664 1244 Pag.
693 1147 784 1221 376
810 1155 856 1220 et
882 1149 979 1224 377.

321 1315 445 1414 Trogi
462 1312 600 1389 lotarii
622 1316 823 1390 varietatis
843 1311 1063 1391 zieminam
1075 1307 1283 1416 Hopecepit

244 1430 343 1507 circa
357 1434 522 1537 Netley:
539 1429 762 1532 longitudo
777 1431 856 1508 iere
870 1442 894 1512 9
908 1431 1108 1511 linearum.
1137 1433 1283 1510 Tlroroo

243 1552 357 1627 lineis
378 1563 403 1630 2
426 1551 661 1656 prothoracis
687 1551 1045 1652 longitudiualibus,
1080 1579 1172 1630 arcu
1186 1565 1282 1626 meta·

244 1671 428 1762 thoracis,
461 1671 707 1774 margineque
731 1670 880 1752 laterali
902 1673 1014 1764 colli,
1047 1677 1160 1765 ruiis,
1190 1667 1282 1748 lineis

243 1793 351 1869 flavis
381 1809 423 1867 ut
450 1791 491 1866 in
518 1792 647 1893 specie
674 1791 848 1893 genuina.
924 1792 1048 1870 Pedes
1073 1790 1282 1876 fulvo-ruit

242 1912 383 2014 postici
410 1937 588 1988 coxarum
614 1912 694 1987 basi
723 1925 761 1986 et
786 1912 934 1987 macula
960 1913 1101 2020 apicali
1121 1913 1282 1990 femorum

244 2033 374 2133 nigris·
426 2030 627 2110 Abdomen
655 2030 937 2123 rufo-fulvum,
966 2037 1282 2135 segmentofima·

245 2155 333 2228 cula
360 2151 500 2227 dorsali
527 2152 645 2259 nigra.
680 2193 733 2212 --
773 2153 932 2229 Caetera
965 2151 1065 2228 sicut
1099 2153 1142 2230 in
1166 2152 1282 2231 femina

244 2299 419 2375 genuina.

314 2394 372 2469 Ex
387 2391 520 2469 eodem
531 2390 620 2467 loco
636 2389 767 2494 accepi
782 2390 896 2468 etiam
910 2391 1109 2470 individua
1123 2389 1281 2472 nonuussa

241 2516 409 2590 mascula
430 2538 550 2590 novae
572 2517 774 2590 varietatis
793 2510 866 2604 gu,
898 2512 1120 2594 abdominis
1137 2521 1237 2620 apice
1253 2523 1281 2586 et

243 2638 398 2715 mocula
412 2635 762 2740 apiculisemorum
775 2639 1012 2735 posticorum
1026 2642 1161 2735 nigris.
1186 2661 1229 2710 m.
1242 2667 1281 2692 ν-

242 2753 855 2854 longitndo10-1slinearum.
910 2752 1280 2834 Antennoevelsicut

243 2875 283 2950 in
306 2902 408 2951 mare
428 2873 609 2975 genuino,
637 2876 699 2950 vel
719 2873 891 2950 articulis
911 2884 1065 2969 1-11,
1094 2892 1162 2951 aut
1180 2867 1279 2976 pluri·

242 2994 313 3069 mis
347 2993 501 3085 horum,
535 2993 661 3070 fulvis.
721 2994 845 3072 Pedes
882 2996 1120 3088 rufo-sulvi3
1162 2983 1276 3100 postici

241 3116 388 3191 macula
411 3130 497 3188 ante
522 3113 668 3215 apicem
687 3112 892 3205 semorum,
926 3117 1070 3219 majore
1090 3117 1275 3194 minoreve,

241 3237 468 3339 plerumque
482 3235 562 3308 basi
578 3249 642 3309 aut
655 3234 802 3308 macula
816 3260 1011 3327 coxarum,
1037 3237 1166 3340 nigris.
1214 3227 1277 3312 Ab-

242 3356 379 3434 domeu
399 3354 600 3455 segmentis
624 3363 736 3432 1—-3
756 3355 864 3444 rufis3
892 3355 994 3434 4vel
1007 3356 1094 3433 ruio
1116 3358 1175 3434 vel
1189 3353 1275 3452 nigro

241 3475 425 3552 lateribus
439 3475 545 3562 ruiis,
573 3473 693 3547 rarius
708 3472 788 3548 sera
802 3487 885 3549 toto
899 3475 1026 3577 nigr03
1055 3473 1274 3579 sequentibus

241 3596 375 3696 nigris,
410 3596 434 3671 5
461 3593 580 3669 rarius
606 3593 786 3695 utrinque
811 3594 958 3670 macula
983 3596 1101 3670 basali
1125 3595 1211 3671 ruia.
1234 3625 1274 3646 ··

242 3718 399 3789 Caetera
427 3729 470 3788 ut
497 3713 536 3788 iu
563 3713 727 3788 maribus
754 3712 942 3814 genuinis.
969 3757 1023 3778 -
1056 3715 1272 3792 Individnnm

239 3832 461 3920 maximum,
489 3848 683 3932 segmento
704 3838 728 3911 4
749 3833 829 3910 fere
849 3847 933 3908 toto
949 3833 1058 3936 nigro
1072 3825 1270 3912 etantennis

238 3953 347 4036 basin
368 3977 496 4028 versus
516 3951 633 4060 magis
654 3952 745 4030 rufis
753 4007 765 4046 ,
793 3953 988 4062 areliquis
1003 3956 1142 4036 differt.
