2726 4810
410 365 510 422 rau.
537 355 571 435 1,
599 367 711 424 sacr.
742 373 767 424 ι.
1053 355 1126 436 121

66 561 162 639 ,ψη
177 525 545 612 ealaoefibua'albisj
572 516 1129 641 raaraapunadauuneou

64 675 138 734 ante
164 657 267 745 alas,
307 669 452 758 puncto
479 653 577 732 inira
604 657 682 732 alna
722 659 938 759 (interdum
961 657 1131 740 attamen

56 777 306 877 deficiente),
333 791 477 878 puncto
499 791 566 852 aut
584 775 727 853 lineola
750 795 838 856 ante
858 781 1048 884 singulum
1062 809 1129 859 an-

51 901 185 1004 gulum
219 897 389 974 basalem
423 896 595 987 scutelli,
635 895 824 974 interdum
861 899 1127 996 minutissima,

50 1023 171 1111 albis;
217 1017 446 1121 quibusdam
470 1016 623 1094 feminis
648 1017 762 1093 etiam
790 1020 957 1122 margine
990 1047 1129 1126 supero

50 1144 144 1220 colli
176 1139 281 1216 albo.
345 1141 450 1220 Alae
466 1137 791 1241 iumatohyalinae
812 1153 877 1214 aut
896 1139 1131 1218 subfumato·

50 1263 256 1366 hynliuae3
282 1258 456 1361 stigmate
467 1257 574 1334 radio
592 1272 631 1335 et
650 1257 777 1334 radice
789 1256 916 1360 nigris,
943 1256 1016 1336 hac
1035 1285 1130 1337 non·

52 1385 175 1462 nullis
187 1379 422 1480 ferruginem
438 1380 632 1482 aquamola
649 1377 764 1483 nigra,
783 1379 971 1456 interdum
982 1397 1128 1486 puncto

53 1506 156 1580 albo.
230 1499 356 1578 Pedes
381 1505 502 1576 maris
525 1499 641 1575 antici
669 1499 878 1578 femoribus
906 1503 1038 1580 subtus
1065 1505 1129 1581 rel

53 1627 146 1702 totis
180 1620 398 1698 dilucerufla
430 1619 493 1696 rel
522 1619 605 1696 solo
633 1621 741 1725 apice
768 1622 989 1717 straminea,
1022 1622 1130 1700 tibiis

56 1747 191 1823 subtus
213 1742 279 1819 vel
296 1741 386 1816 rufis
405 1739 468 1817 vel
484 1741 713 1832 atmmineis3
739 1742 857 1819 medii
873 1745 1003 1821 subtus
1020 1745 1137 1848 apice

58 1867 250 1942 femorum
272 1876 314 1938 et
332 1861 452 1938 latere
480 1858 602 1936 altero
620 1861 802 1950 tibiarum
830 1863 1131 1941 sordideatrami-

65 1988 142 2063 ueia
179 1997 248 2062 aut
279 1975 521 2083 ferrugineia3
549 1984 729 2083 feminae
760 1982 967 2057 anteriores
999 1983 1133 2061 subtus

70 2105 247 2181 {amorum
267 2102 381 2205 apice
406 2116 445 2177 et
462 2102 643 2179 tibiarum
664 2102 783 2178 latere
811 2103 932 2177 altero
953 2103 1043 2178 rufis
1066 2117 1133 2180 aut

82 2221 307 2324 ferrugineis,
347 2221 458 2298 tarsis
484 2221 674 2298 interdum
696 2219 806 2309 rufis;
845 2219 985 2324 postici
1010 2222 1144 2300 rarius·

82 2341 249 2422 femorum
275 2347 400 2423 latere
427 2343 549 2419 altero
574 2341 705 2435 badio,
737 2341 844 2419 tibiis
867 2341 974 2418 basin
1001 2343 1147 2421 versua'

75 2465 169 2544 rufin
224 2465 432 2547 Abdomen
455 2479 658 2568 punctum,
696 2465 947 2568 aubopaoum,
986 2463 1133 2568 apicem

71 2585 437 2674 cannamomum,
465 2586 630 2688 nigrum,
657 2585 852 2690 plerisque
873 2585 1136 2665 subcoerules-

68 2737 152 2788 cena
162 2723 233 2787 aut
247 2707 607 2810 subpurpurascena‚
621 2705 810 2784 interdum
825 2705 1000 2782 incisuris
1014 2718 1039 2788 2
1053 2717 1133 2788 eto

68 2849 128 2908 aut
148 2831 268 2912 2-5
288 2823 525 2927 ferrugineis.

136 2955 270 3032 Mares
296 2947 478 3050 quosdam
503 2972 549 3023 cx
576 2947 702 3024 Italia
727 2958 769 3020 et
792 2943 928 3023 Gallia
956 2943 1137 3021 rnerr'dr‘o·

63 3079 145 3156 nuli
158 3068 313 3170 accepi;
341 3068 494 3144 unicum
506 3065 702 3166 Schillr'ng
715 3090 837 3168 prope
853 3065 1136 3143 Vrutislovr'am

63 3199 190 3300 cepit,
226 3191 389 3267 alterum
410 3187 494 3290 ipse
515 3212 645 3263 mense
669 3187 838 3285 Augusto
863 3206 984 3285 prope
1008 3181 1138 3259 Cada-

63 3345 148 3394 aam
174 3313 215 3388 in
234 3306 486 3386 umbelliferis
511 3307 609 3412 cepi.
663 3303 845 3381 Feminae
865 3301 1063 3404 quaedam,
1096 3301 1137 3377 in

63 3438 227 3524 Silesr'a,
254 3433 444 3521 Austrr'a,
474 3413 596 3533 prope
623 3427 770 3505 Halam
797 3425 1003 3503 Saxonum
1030 3438 1069 3498 et
1095 3421 1136 3501 iu

64 3557 205 3636 Gallio
224 3567 368 3659 captae,
394 3575 543 3628 mecum
564 3545 862 3623 communicatae
884 3559 982 3623 aunt.

455 3820 746 3940 varietates:

150 4005 187 4078 1.
222 3993 395 4074 Thorace
425 3999 512 4070 toto
543 3987 667 4092 nigro.
698 4029 752 4048 -
785 3989 915 4090 Caput
947 3983 1137 4064 interdum

68 4115 227 4222 puncti·
243 4114 339 4194 albia
350 4111 562 4194 urbinum
573 4106 835 4212 occipitalium
847 4119 1138 4188 enenoernarum
