2700 4804
231 407 294 458 ΧΠ

229 569 318 678 para
339 569 504 650 secunda
523 583 612 648 ante
625 567 785 674 primam
799 571 934 674 proclo
951 571 1181 664 tradebatur,
1208 571 1311 653 leh-

230 733 437 786 ncumcnes
463 706 603 812 anglici
634 721 760 786 autem
789 705 891 809 haud
919 709 1026 814 prius
1053 709 1148 786 mihi
1174 725 1311 790 trans.

228 845 482 924 mittebantur
502 871 614 950 quem
631 859 740 948 parte
760 844 883 948 prima
905 843 986 923 lere
1011 861 1094 923 tote
1117 845 1196 950 jam
1223 848 1309 927 im.

227 1010 376 1088 pressa,
409 1001 571 1088 qu‘orum
591 981 720 1087 itaque
740 979 831 1060 illos
847 959 1000 1059 'tantum
1017 982 1116 1060 locis
1137 983 1216 1061 suis
1235 984 1306 1065 iu-

228 1147 355 1200 serere
381 1135 570 1222 poteram,
602 1119 668 1224 qui
695 1120 898 1223 adgerere
922 1119 962 1195 in
983 1122 1230 1224 parteprima
1255 1142 1304 1204 et
1338 1143 1339 1206 l

226 1258 340 1336 tertin
353 1272 512 1335 tractata
528 1255 780 1360 pertinebant.
809 1257 855 1332 In
868 1257 1142 1360 supplementis
1155 1273 1301 1358 nutem,

227 1395 328 1500 parti
349 1394 494 1499 primae
519 1393 692 1481 adnexis,
725 1393 881 1470 notities
906 1393 954 1470 de
971 1392 1300 1479 Ichneumonibus

228 1532 405 1634 anglicis,
439 1530 792 1635 descriptionesque
818 1529 1031 1634 specierum
1058 1509 1240 1612 nouarum
1272 1565 1299 1619 e
1338 1601 1339 1654 1

228 1669 448 1772 generibus,
488 1694 585 1772 quae
619 1668 660 1742 in
684 1681 793 1769 parte
818 1667 982 1744 secunde
1007 1683 1165 1746 tractata
1192 1689 1296 1769 sunt,

228 1805 397 1884 exhibui.
451 1804 525 1880 Illa
545 1805 812 1907 supplementa
832 1790 936 1896 uero,
964 1801 1035 1883 n'ec
1055 1831 1133 1884 non
1146 1807 1297 1889 indices

226 1943 347 2020 totius
360 1940 499 2046 operis,
527 1940 625 2044 parti
641 1941 785 2045 primae
798 1942 935 2020 addere
949 1943 1082 2035 malui,
1102 1971 1297 2042 cumpace

226 2080 340 2158 tertia
354 2080 432 2184 jum
444 2079 524 2158 lere
540 2079 581 2155 in
599 2079 892 2182 amplitudinem
905 2080 1060 2156 nimiam
1073 2080 1297 2180 increverit,

224 2218 349 2322 prima
374 2232 518 2309 autem,
554 2241 712 2294 numero
739 2217 997 2322 plagularum,
1037 2219 1222 2298 secundae
1250 2239 1298 2304 et

158 2347 161 2353 ¹
224 2353 361 2430 tertiae
378 2354 502 2429 multo
523 2353 683 2430 inferior
707 2352 771 2430 sit.

300 2491 403 2566 llaec
424 2489 699 2593 praemittenda
721 2505 840 2568 erunt.
893 2491 1167 2584 Naucratem,
1199 2491 1298 2572 Ich-

224 2626 517 2730 neumonologin
546 2653 647 2718 mea,
681 2627 945 2731 Entomnlogis'
979 2646 1020 2708 te
1050 2630 1178 2721 trad03
1210 2633 1296 2709 uti-

224 2791 312 2842 nam
329 2764 470 2840 amicos
491 2777 532 2842 et
550 2761 716 2843 lautores
735 2764 917 2844 concilies
938 2767 1009 2844 tibi
1030 2783 1071 2847 et

297 3475 440 3580 Scripsi
468 3475 739 3570 Vratislaviue,

324 3613 387 3688 die
404 3621 451 3693 19
464 3615 580 3692 Marti
599 3623 710 3696 1829.
