2666 4812
393 385 496 439 rans.
524 371 557 454 1,
590 387 704 439 secr.
733 387 783 438 rx.
1047 363 1125 442 573

77 560 135 621 aut
149 549 432 654 rnl03seminoe
445 551 580 628 orbitis
594 553 793 630 oculorum
808 531 968 630 internis
980 552 1128 628 tennis·

74 666 167 743 sinus
200 673 474 750 llavicsntibus.
538 675 744 753 Antennoe
769 679 890 751 maris
915 689 1133 777 porrectae,-

73 781 219 866 climiclio
241 819 401 898 corpore
416 793 531 898 paulo
550 793 759 897 longiores,
787 794 919 870 subtus
941 791 1045 870 culae
1061 802 1128 870 ant

71 900 312 1011 ferrugineae,
339 913 447 991 basin
460 939 590 991 versus
604 915 831 1018 plerumque
846 911 990 1015 nigram
1004 915 1128 1014 semi·

71 1033 308 1135 noecorporis
324 1033 471 1110 dimidii
484 1034 735 1138 longitudine,
745 1035 1136 1123 involuto-curvatae,

71 1145 221 1228 articulo
247 1163 266 1234 1
290 1155 423 1232 subtus
443 1153 677 1258 ferrugineo,
705 1153 983 1234 8-13tribus
997 1152 1128 1228 lateri·

70 1259 132 1340 ltus
150 1269 258 1351 albis.
314 1273 483 1351 Thorax
496 1271 970 1376 subgibbulocylindricus.
1023 1277 1128 1352 Aloe

71 1383 307 1492 subliyaliuae
332 1409 398 1470 aut
425 1391 836 1496 sublumstohyalinae,
879 1393 1054 1496 stigmate
1086 1409 1128 1472 et

71 1507 187 1588 radice
211 1513 389 1592 testaceis
406 1529 475 1590 aut
494 1511 603 1602 culis,
629 1513 737 1589 radio
752 1512 998 1606 luscescentc,
1016 1541 1128 1618 squa-

69 1627 161 1704 mula
190 1631 274 1710 cula
296 1649 362 1710 aut
382 1633 504 1724 fusce,
540 1633 667 1709 areola
694 1633 1033 1737 quinqueangulsri
1061 1649 1130 1711 eut

72 1747 369 1858 subtrisngulrri.
423 1751 549 1832 Pedes
569 1751 798 1842 mediocres,
823 1757 1031 1832 anteriores
1054 1757 1127 1832 ruli

71 1884 127 1943 aut
150 1870 264 1964 fulvi,
292 1873 397 1951 coxis
414 1871 772 1950 ettrochanteribus
790 1873 922 1977 nigris,
950 1875 1131 1952 trochan·

68 1989 202 2068 teribus
232 1993 368 2072 mediis
396 1995 587 2071 interdum
615 1993 724 2082 rufis,
758 1991 964 2071 femoribus
992 1995 1127 2072 mediis

69 2103 251 2192 interdum
272 2115 392 2192 latere
406 2139 576 2192 convexo
597 2113 743 2189 macule
765 2113 887 2216 nigre,
915 2115 1052 2218 postici
1069 2117 1129 2193 ni-

68 2229 134 2326 gri,
177 2235 283 2312 coxis
319 2235 510 2312 interdum
551 2233 659 2336 apice
693 2234 866 2314 obsolete
898 2235 1127 2328 ruiescente,

68 2351 365 2434 trochauteribus
392 2353 583 2431 interdum
615 2353 724 2444 rufis,
771 2355 980 2434 femoribus
1014 2360 1127 2435 maris

67 2461 138 2546 basi
155 2476 249 2566 rulo,
277 2475 385 2552 tibiis
405 2491 445 2552 et
457 2491 645 2550 turcorum
659 2475 829 2553 articulis
843 2479 934 2555 ruiis
955 2477 1132 2582 apicibus,

68 2586 185 2694 nigris.
246 2593 450 2675 Abdomen
470 2593 584 2671 maris
613 2595 741 2698 capite
761 2597 992 2702 thoraceque
1012 2599 1130 2701 paulo

66 2703 210 2814 longius
234 2716 427 2820 pauloque
454 2715 666 2818 angustius,
698 2716 863 2794 feminee
883 2719 1019 2822 capitis
1040 2719 1131 2796 tho·

67 2833 234 2939 rarisque
249 2836 490 2940 longitudine
504 2851 543 2912 et
557 2835 777 2926 latitudine3
796 2855 989 2940 segmento
1005 2841 1129 2943 primo

66 2953 171 3030 maris
198 2955 328 3034 antioc
354 2955 573 3060 angustiore
601 2981 713 3058 quem
739 2953 920 3048 feminae,
955 2960 1018 3035 vel
1046 2977 1129 3038 toto

67 3067 170 3174 nigro
196 3075 259 3152 vel
280 3077 388 3180 apice
410 3077 497 3154 rulo
518 3075 580 3152 vel
610 3074 697 3152 rulo
722 3075 871 3152 macule
896 3077 1040 3179 majore
1061 3081 1133 3158 mi·
1159 3165 1168 3180 ,

69 3192 344 3296 boterenigrm
370 3197 607 3288 2—4rulis,
634 3195 755 3272 rarius
772 3193 900 3286 fulvis,
928 3199 1134 3278 lfemlnac

67 3325 149 3390 ante
166 3315 373 3418 marginem
389 3315 607 3418 nigricante,
629 3315 741 3393 maris
758 3315 878 3394 rarius
891 3317 997 3394 disco
1010 3319 1131 3422 nigro,
1216 3334 1219 3343 '

66 3433 212 3535 saepius
240 3449 367 3514 sutem
388 3437 556 3540 margine
587 3438 707 3540 nigro.
767 3439 940 3518 Aculeus
958 3457 1128 3518 exsertus

65 3545 321 3634 brevissimus.

136 3675 339 3754 Feminam
367 3677 516 3753 unicam
545 3677 685 3780 (prope
713 3677 863 3782 Nieslsy
888 3679 1082 3783 captsml)
1110 3707 1137 3760 e

65 3791 293 3872 collectione
311 3797 598 3897 Roentgeniono
619 3797 759 3898 accepi.
815 3799 954 3878 Mores
968 3801 1134 3878 nonnul·

65 3907 138 4002 los,
172 3915 365 3992 mensibus
394 3916 487 3992 Julii
514 3916 671 4018 Augusti
695 3933 734 3993 et
755 3919 1003 4024 Septembris,
1031 3925 1133 3999 circa

65 4027 317 4135 Gottingom,
349 4035 653 4128 Helmstodr'nm,
679 4039 896 4144 passimque
916 4043 955 4118 in
975 4043 1134 4134 Silesio,

64 4142 104 4223 in
118 4153 338 4252 umbellstis
352 4173 393 4236 et
406 4156 596 4238 fruticetis
609 4159 708 4262 cepi.
761 4161 1004 4240 individuum
1021 4162 1138 4240 meris
