2674 4816
213 306 290 386 468
608 319 886 374 333333333-

289 488 514 592 Longitudo
534 486 647 564 maris
673 496 833 579 8—11,
860 485 1023 564 feminae
1036 495 1120 566 7-
1136 485 1218 564 1333
1234 493 1276 565 11

211 615 411 692 linearum.
467 615 597 712 Caput
604 611 784 712 seminne
803 608 939 684 orbitis
960 610 1159 685 oculorum
1177 606 1279 682 fron-

212 734 353 811 talibus
388 731 502 820 albis3
544 736 665 806 moris
702 729 837 804 orbitis
874 731 1074 806 oculorum
1110 725 1277 812 internis,

213 853 515 946 distinctionibus
532 866 597 926 aut
612 849 918 942 obsoletioribus,
927 851 1153 954 plerumque
1169 847 1278 924 etiam

215 975 381 1052 externis
403 975 466 1052 331
487 972 580 1048 33313
595 974 658 1049 331
680 996 749 1073 pro
764 987 889 1073 parte,
918 971 1026 1050 albis.
1080 972 1277 1049 Antennne

213 1095 378 1190 feminae
405 1091 576 1190 articulis
601 1097 714 1169 4-a
743 1091 933 1168 interdum
961 1093 1094 1168 subtus
1121 1087 1281 1192 ferrugi-

214 1218 316 1306 3313;
350 1223 507 1302 9-16,
542 1211 604 1288 331
638 1209 812 1312 plurimis
846 1238 995 1304 eorum,
1030 1239 1142 1314 supra
1169 1211 1280 1295 albis,

215 1334 462 1439 sequentibus
479 1331 666 1408 interdum
684 1331 815 1408 subtus
830 1332 1067 1436 ferrugineis.
1115 1331 1280 1408 Thorax

216 1463 337 1534 maris
367 1470 511 1559 puncto
540 1452 636 1526 infra
666 1452 762 1543 alas,
798 1453 1024 1558 plerumque
1050 1453 1276 1529 alternante

214 1577 310 1663 3133,
339 1573 452 1660 albis3
468 1573 646 1676 feminae
658 1572 718 1647 vel
734 1589 878 1675 puncto
896 1598 970 1648 uno
986 1573 1083 1648 infra
1098 1574 1195 1662 3133,
1223 1567 1280 1648 rel

216 1695 359 1771 lineola
383 1692 479 1768 infra
506 1694 583 1767 3133
604 1693 797 1795 alteraque
819 1693 1020 1784 33333133,
1047 1691 1281 1795 longioribus

216 1830 282 1891 aut
309 1811 563 1903 brevioribus,
591 1813 836 1916 margineque
864 1840 1003 1918 supero
1033 1813 1142 1904 colli,
1177 1813 1282 1887 albis.

214 1935 431 2013 Scntellum
445 1933 584 2009 album·
624 1935 728 2040 Aloe
744 1932 1041 2038 fuscobyalinae,
1060 1933 1181 2010 rarius
1198 1933 1283 2010 sub·

216 2054 557 2158 fumatohyalinae,
592 2051 768 2157 stigmate
800 2054 910 2130 fusco
942 2071 1008 2132 aut
1039 2054 1143 2146 rufo,
1178 2055 1281 2133 radio

215 2179 343 2254 radice
357 2191 396 2252 et
411 2174 608 2279 squamula
624 2173 753 2275 nigris.
808 2175 933 2253 Pedes
950 2173 1159 2252 femoribus
1181 2173 1282 2278 geni-

216 2299 315 2376 culis
340 2297 495 2373 summis
518 2291 760 2395 ferrugineis,
788 2295 949 2396 posticis
978 2311 1043 2372 333
1063 2293 1284 2399 posteriori·

216 2419 287 2494 bus
316 2417 438 2492 rarius
460 2414 553 2490 totis
575 2410 709 2515 nigris,
727 2411 904 2514 feminee
930 2416 1065 2492 anticis
1095 2414 1283 2492 interdurn

217 2539 349 2616 subtus
372 2530 618 2635 ferrugineis,
647 2539 768 2610 moris
788 2535 1041 2612 anterioribus
1064 2549 1130 2610 aut
1150 2532 1283 2610 anticis

217 2659 348 2736 subtus
368 2649 743 2760 pallidestramineis,
773 2655 930 2757 posticis
955 2655 1145 2733 rarissime
1167 2655 1283 2732 133333

216 2780 337 2855 altero
351 2791 435 2853 toto
451 2773 581 2861 badi03
602 2771 707 2849 tibiis
724 2774 959 2868 subsericeis,
973 2776 1089 2853 fulvis
1105 2791 1173 2852 ant
1185 2777 1282 2865 rufis,

217 2898 471 2977 anterioribus
488 2921 601 2997 saepe
614 2893 731 2971 fuscis
747 2909 813 2971 aut
826 2895 943 2999 nigris
959 2895 1108 2974 interne
1124 2897 1284 3001 pallide-

217 3038 284 3098 aut
303 3016 718 3099 sordide-stramineist
745 3017 856 3093 tarsis
883 3017 945 3094 vel
964 3016 1056 3092 totis
1084 3017 1203 3097 fulvis
1223 3031 1284 3094 aut

217 3139 433 3229 rufofulris,
452 3142 514 3217 vel
531 3164 642 3241 supra
658 3154 725 3213 aut
736 3138 883 3241 apicem
897 3165 1026 3215 versus
1042 3137 1172 3216 fuscis.
1206 3135 1284 3219 Ab·

216 3266 353 3344 clamen
368 3274 561 3362 segmento
579 3268 598 3337 1
616 3259 744 3361 nigro,
771 3259 961 3336 rarissime
978 3259 1147 3363 margine
1167 3257 1283 3337 rufes-

216 3399 345 3473 cente;
373 3381 574 3484 segmentis
589 3379 882 3490 'reliqnisfulvis
904 3396 970 3456 333
984 3381 1094 3472 rufis,
1110 3380 1283 3484 feminee

215 3505 406 3582 1333331333
420 3502 524 3577 11333
535 3498 806 3603 longitudinnli
829 3497 1026 3602 irregulari
1040 3497 1281 3585 luscescente,

219 3630 341 3702 maris
367 3619 558 3698 rarissime
585 3635 865 3723 segmentornm
891 3625 1008 3702 a—4
1035 3619 1144 3698 disco
1172 3615 1283 3723 nigri·

217 3758 336 3822 cante.
389 3744 563 3821 Aculeus
584 3740 842 3819 brevissimus.

292 3863 418 3939 Mares
447 3877 485 3936 et
512 3861 690 3952 feminas,
726 3888 815 3938 vere
848 3875 990 3938 aestate
1024 3859 1280 3944 et'antnmno,

219 3985 358 4087 passim
373 3981 413 4058 in
426 3981 585 4073 Silesio,
611 3983 650 4060 13
666 3981 883 4058 umbellatis
900 3997 938 4056 et
954 3979 1156 4072 fruticetis,
1185 3977 1280 4081 cepit

219 4105 348 4208 plures
376 4129 397 4180 e
424 4101 583 4180 diversis
618 4103 851 4182 Germaniae
876 4101 1034 4182 Galliae
1067 4116 1108 4180 et
1142 4103 1282 4180 Italiae
