2698 4802
221 257 273 332 72
558 273 606 325 ir.
636 269 802 323 usuras
829 267 946 322 ouis.

222 439 430 512 Panzerum
451 462 562 539 saepe
582 433 873 534 sexarticulati).
926 428 1191 508 Articulorum
1212 432 1286 536 pri·

223 582 307 632 mus
320 555 524 634 obconicus
539 582 620 632 esse
640 556 738 632 solet
753 570 818 630 aut
833 555 1000 630 clavatus
1015 553 1077 628 vel
1092 553 1284 630 subcleva-

224 692 296 767 tus,
318 676 506 753 rarissime
520 675 823 776 subcylindricus
839 687 903 746 aut
918 670 1129 756 filiiormiss
1159 700 1285 750 secuu-

225 795 294 871 dus
316 797 540 899 plerumque
559 793 827 881 cultrilormis,
856 791 916 868 vel
939 791 1052 866 etiam
1066 794 1283 881 obconicus,

224 915 653 1016 rariussubcylindricus
664 913 902 990 subclavatus
917 911 1283 988 semicordatussub·

224 1034 482 1136 triangularis,
509 1033 699 1114 rarissime
723 1029 1001 1110 vomeriiormis
1029 1018 1282 1108 securilormis

225 1153 530 1235 subrhombicuss
557 1155 692 1231 tertius
714 1151 888 1256 plurimis
903 1151 1210 1250 subcylindricus
1224 1161 1280 1224 aut

225 1273 414 1350 fililormis
431 1273 492 1351 vel
507 1273 729 1364 obconicus,
757 1272 876 1348 rarius
891 1271 1058 1348 clavatus
1072 1288 1143 1348 aut
1154 1271 1280 1348 cultra-

224 1406 305 1475 tuss
333 1409 487 1496 quartus
502 1394 726 1496 plerumque
740 1390 988 1494 cylindricus,
1016 1391 1080 1468 vel
1094 1393 1207 1468 etiam
1218 1387 1275 1464 ob·

226 1513 382 1590 conicus
406 1528 470 1588 aut
491 1513 695 1602 fililormis,
723 1511 912 1585 rarissime
940 1507 1278 1612 spathulaeformisr

227 1632 381 1734 quintus
393 1633 545 1708 tandem
558 1634 671 1732 longe
685 1630 859 1733 plurimis
873 1628 1074 1719 fililormis,
1091 1631 1194 1707 haud
1207 1633 1286 1704 raro

226 1750 338 1826 etiam
353 1752 601 1854 cylindricus,
629 1751 760 1854 paucis
775 1750 949 1839 conicus,
977 1749 1086 1852 apice
1102 1752 1167 1828 vel
1181 1749 1287 1824 obtu·'

227 1897 289 1947 sus
311 1875 371 1949 vel
391 1888 534 1948 acutus.
588 1875 788 1959 Auctores,
816 1868 882 1971 qui
904 1870 1110 1972 palporum
1136 1865 1280 1946 serani·

226 1992 441 2071 culatorum
456 1992 688 2069 mentionem
707 1990 896 2078 lecerunt,
925 1989 1131 2067 articulum
1147 2004 1281 2066 sextum

226 2113 446 2190 describunt
465 2113 717 2214 cylindricum
737 2127 804 2188 aut
822 2109 1051 2187 filiformem.
1111 2107 1223 2209 Quod
1240 2102 1280 2180 ad

227 2231 506 2332 longitudinem
532 2232 729 2307 relativam
756 2231 1018 2318 articulorum,
1046 2232 1185 2306 tertius
1207 2229 1282 2304 lon-

227 2349 402 2450 gissimus
435 2377 517 2426 csse
549 2351 665 2440 solet,
699 2349 843 2452 primus
869 2350 1053 2426 sccundus
1089 2364 1279 2455 quartusve

227 2469 490 2559 brevissimus,
517 2466 708 2546 interdum
730 2496 820 2548 vcro
847 2469 985 2546 horum
1012 2496 1168 2572 quoque
1195 2482 1278 2544 unus

226 2589 387 2678 alterve,
414 2588 604 2666 ueletiam
618 2590 791 2693 quintus,
817 2591 1059 2694 longissimus
1074 2607 1157 2680 est,
1181 2581 1278 2662 raris·

228 2707 323 2783 sime
350 2724 477 2784 tamen
509 2710 645 2786 tertius
679 2726 737 2788 est
767 2711 1029 2791 brevissimuss
1063 2705 1277 2811 quibusdam

226 2825 425 2930 speciebus
438 2854 568 2906 omnes
583 2828 821 2930 longitudine
836 2832 1010 2933 aequales
1027 2846 1126 2906 sunt.
1174 2821 1278 2921 Palpi

225 2954 477 3052 posteriores,
503 2977 569 3026 seu
584 2948 767 3037 labiales,
791 2949 997 3039 breviores,
1025 2946 1277 3050 utplurimum

226 3067 329 3146 labio
355 3069 473 3172 duplo
500 3069 709 3170 longiores,
736 3068 926 3144 rarissime
949 3069 1069 3171 triplo
1097 3064 1275 3167 longiores

226 3204 291 3263 aut
309 3188 402 3263 labii
422 3186 660 3288 longitudine
674 3203 779 3269 sunts
808 3187 1151 3288 quadriarticulati,
1178 3178 1276 3260 raris·

227 3306 322 3380 sime
340 3305 598 3396 triarticulati,
626 3307 854 3405 (secundum
875 3308 1121 3385 Latreillcum
1140 3315 1276 3401 semper

224 3419 486 3512 triarticulati,
515 3422 617 3524 quod
636 3437 762 3498 autem
777 3425 1103 3503 observationibus
1118 3420 1274 3502 omnium

226 3539 460 3641 reliquorum
474 3542 979 3646 entomologorumobstat):
1003 3546 1193 3622 Articulus
1206 3532 1275 3639 pri·

226 3686 309 3733 mus
322 3660 514 3762 plerisque
529 3661 695 3740 clavatus
710 3681 768 3740 est
782 3681 847 3741 aut
858 3667 1076 3758 obconicus,
1096 3656 1272 3742 rarissime

224 3777 545 3880 ⁸ubcylintlricust
572 3783 758 3860 secundus
779 3785 986 3864 obconicus
1006 3802 1072 3864 aut
1098 3776 1271 3860 subtrinu-

224 3895 367 3998 gularis
381 3899 441 3976 vel
454 3899 722 3996 securilormis,
745 3905 865 3981 rarius
878 3904 1177 4008 subcylindricus
1191 3889 1270 3970 sub·

226 4016 400 4100 cordatus
426 4033 491 4098 aut
518 4020 722 4115 eboratas,
755 4024 944 4106 rarissime
972 4026 1053 4106 fere
1081 4020 1267 4128 quadratu
