2698 4802
256 321 306 394 68
594 337 642 386 ιν.
672 334 839 386 exures
867 333 982 385 cars.

256 515 300 577 ut
313 497 471 577 extremi
490 498 639 600 saepius
652 499 855 576 transversi
873 500 967 587 sint,
996 498 1184 574 rarissime
1199 503 1339 578 ommi·

254 623 326 698 bus
339 618 570 708 transversis,
598 621 671 709 rel,
699 618 870 694 antennis
886 618 1035 694 scilicet
1056 620 1232 708 setaceis,
1263 649 1339 696 an·

256 739 461 818 terioribus
482 740 721 827 transversis,
749 738 925 813 extremis
948 755 1074 814 autern
1094 738 1173 814 fere
1190 739 1339 816 latitu-

256 864 345 939 dine
360 860 613 961 longioribuss
639 858 774 932 ultimo
790 860 1014 959 plerumque
1028 872 1140 932 orato
1155 873 1220 930 aut
1237 862 1339 934 sub-

256 981 467 1084 cylindrico
497 995 537 1054 et
561 978 800 1077 longitudine
819 977 1073 1080 penultimum
1101 977 1339 1070 excedente,

257 1103 364 1204 apice
387 1115 498 1176 acuto
521 1112 584 1172 aut
603 1099 751 1172 obtuso.
806 1097 964 1172 Articuli
987 1111 1233 1170 antennarum
1249 1099 1339 1174 lili-

254 1221 432 1298 iormium
448 1218 664 1294 breviorum
684 1215 1100 1306 multiarticulatarum,
1130 1217 1334 1319 simulque

254 1341 491 1427 crassiorum,
517 1336 710 1412 breviores
724 1362 878 1439 quoqne
892 1351 940 1425 et,
969 1335 1136 1436 exceptis
1152 1339 1334 1412 secundo

255 1475 295 1536 et
315 1458 467 1560 quint0,
496 1457 731 1558 globosiores
759 1483 825 1532 seu
846 1455 1084 1556 longitudine
1104 1455 1329 1532 latitudinis

254 1594 359 1659 sunta
388 1578 538 1654 articuli
552 1592 796 1652 antennarum
812 1576 1027 1676 longiorum
1042 1589 1168 1650 autem
1183 1591 1221 1651 et
1235 1601 1335 1676 gra-

254 1700 447 1788 ciliorum,
490 1696 553 1771 vel
585 1695 999 1798 pauciarticulatnrum,
1041 1694 1232 1795 longiores
1269 1714 1331 1786 et,

254 1819 422 1921 exceptis
444 1814 567 1919 primo
588 1815 706 1889 tertio
721 1831 760 1890 et
774 1832 925 1919 quarto,
953 1813 1164 1914 cylindrici.
1220 1816 1332 1892 Cum

253 1962 342 2014 vero
362 1938 556 2039 plerisque
576 1935 758 2010 articulus
779 1938 922 2037 primus
944 1936 1098 2010 omnino
1118 1936 1331 2012 abscondi-

252 2072 313 2130 tus
335 2081 416 2132 esse
437 2055 575 2145 soleat,
604 2055 738 2130 tertius
768 2073 807 2130 et
834 2070 988 2156 quartus
1009 2071 1134 2132 autem
1163 2055 1328 2130 unicum

251 2178 364 2252 modo
379 2177 583 2252 articulum
596 2174 817 2262 exhibeant,
846 2174 1028 2249 articulus
1045 2174 1231 2250 secundus
1247 2201 1324 2275 pro

253 2297 386 2397 primo,
415 2298 550 2371 tertius
566 2310 605 2369 et
618 2309 772 2394 quartus
788 2319 858 2393 pro
873 2294 1047 2380 secund0,
1076 2294 1231 2394 quintus
1246 2320 1326 2394 pro

253 2415 367 2489 tertio
386 2413 590 2501 habentur,
618 2439 692 2513 qua
714 2412 1020 2489 denominatione
1040 2414 1154 2488 etiam
1184 2413 1221 2488 in
1245 2413 1324 2490 hac

253 2532 613 2634 lclrneumonologia
636 2559 724 2608 usus
746 2558 838 2610 sum.

728 2891 768 2986 ὃ.
797 2899 834 2971 4.

557 3047 626 3124 De
654 3049 871 3152 partibus
899 3047 1005 3123 oris.

323 3258 366 3329 In
389 3256 561 3332 examine
580 3265 753 3359 portium
774 3262 855 3332 oris
883 3280 950 3330 seu
972 3261 1318 3334 instrumentorum

247 3373 504 3464 cibariorum,
528 3377 578 3451 ob
606 3379 830 3476 parvitatem
858 3375 1108 3450 subtilitatem
1134 3393 1173 3452 et
1193 3375 1316 3452 situm

245 3491 506 3567 absconditum
538 3509 652 3594 atque
685 3495 953 3596 complicatum
982 3496 1150 3598 plurium
1176 3494 1315 3572 harum

235 3601 427 3713 partium,
453 3611 672 3688 assiduitate
688 3641 799 3714 quam
813 3616 989 3704 maxima,
1012 3642 1081 3690 nec
1096 3642 1172 3692 non
1186 3618 1314 3696 oculis

242 3731 340 3807 hene
359 3733 512 3806 armatis
536 3734 891 3835 attentissimisque,
919 3751 958 3809 et
976 3737 1313 3838 contemplationi·

242 3848 318 3926 bus,
341 3850 490 3954 saepius
517 3854 704 3930 reiteratis
732 3871 771 3930 et
798 3882 844 3930 ex
870 3855 974 3930 omni
1004 3871 1112 3957 parte
1141 3857 1309 3944 directis,

241 3995 337 4071 opus
352 3987 420 4048 est.
476 3973 577 4047 llaec
601 3975 780 4076 requisita
801 4000 890 4048 sane
920 4003 990 4052 nec
1012 3993 1156 4052 temere
1175 3993 1311 4079 postu·

240 4088 315 4163 lata
335 4117 405 4168 nec
427 4093 616 4193 superflua
647 4107 752 4180 sunt,
777 4119 901 4194 eoque
929 4096 1053 4172 minus
1078 4095 1305 4197 reprehendi
