2686 4814
242 312 317 394 434
569 377 573 384 ,
645 323 911 376 rcuuaunou

238 510 329 572 ante
342 489 707 582 alas,‚eborinisaut
727 488 1102 568 sordidestramincia.
1151 488 1280 566 Scutel·

238 621 322 698 lum
343 614 404 692 vel
426 626 549 686 totum
570 608 769 686 eborinum
792 611 853 686 vel
874 610 956 684 solo
972 627 1114 712 puncto
1132 609 1279 688 eborico

239 730 578 818 Alne'mediocres,
608 727 1012 830 sublumatohyalinac,
1040 730 1206 834 stigmate
1219 752 1281 804 aor-

240 850 536 934 didestramineo
550 865 615 924 ant
636 846 762 938 lusco,
791 849 897 927 radio
912 849 1038 928 radice
1052 866 1092 928 et
1111 845 1281 953 squamula

238 973 357 1051 fuscis
371 987 439 1048 aut
451 967 798 1070 fuscolerrugincis,
815 969 1011 1070 squamula
1026 971 1146 1072 rarius
1160 978 1281 1071 puncto

239 1095 351 1182 alb03
380 1091 509 1168 areola
536 1087 890 1190 quinqueangulari.
943 1090 1067 1170 Pedes
1085 1089 1280 1170 mediocres,

239 1214 323 1302 ruli,
345 1207 817 1288 coxisettrochanteribus
831 1207 959 1309 nigris,
979 1208 1118 1311 postici
1131 1204 1281 1284 trochan·

239 1332 384 1410 teribus
399 1330 507 1432 apice
530 1328 634 1418 rul0,
662 1329 771 1403 tarsis
793 1342 834 1403 et
854 1328 1032 1403 tibiarum
1046 1328 1155 1432 apice
1174 1323 1277 1427 nigris.

238 1451 441 1536 Abdomen
471 1457 596 1528 muris
618 1447 744 1550 capite
765 1445 997 1550 thoraceque
1017 1448 1134 1550 paulo
1156 1443 1276 1546 longius

240 1589 281 1650 et
299 1573 362 1650 vin
383 1570 499 1673 paulo
524 1569 735 1670 angustius,
769 1567 1108 1670 oblongoovatum‚
1130 1568 1280 1670 seminat

240 1690 376 1794 capitis
398 1688 641 1790 thoracisque
662 1685 903 1787 longitudine
925 1703 964 1764 et
982 1687 1200 1776 latitudine,
1228 1681 1281 1758 ot

238 1812 520 1913 longoovatum,
535 1807 645 1910 apice
658 1806 815 1898 obtus0;
832 1807 1034 1908 segmentis
1051 1816 1151 1886 1-3
1163 1801 1281 1907 opacis,

239 1929 484 2033 sequentibus
526 1926 717 2015 nitidulis,
763 1936 787 2005 3
827 1925 1016 2002 interdum
1054 1941 1195 2028 puncto
1230 1944 1282 1996 scu

238 2051 379 2129 lineola
412 2045 563 2123 laterali
598 2044 813 2147 marginali,
859 2050 883 2123 4
912 2047 1139 2148 plerumque
1162 2039 1281 2119 lineola

238 2169 399 2258 laterali,
427 2165 546 2242 rarius
562 2166 729 2266 margine
743 2180 844 2254 tota,
873 2167 897 2242 6
919 2164 982 2239 vel
996 2164 1140 2242 lineola
1155 2155 1280 2242 laterali

238 2291 300 2366 rel
316 2288 482 2390 margine
497 2298 591 2374 totu,
614 2283 803 2359 interdum
820 2283 1006 2373 obsoleto,
1024 2291 1047 2361 6
1065 2303 1106 2362 et
1125 2279 1281 2366 ttineola

238 2407 402 2510 laterali,
438 2403 573 2480 albidis
604 2403 808 2506 glaucisve.
877 2405 1049 2483 Aculeus
1076 2407 1141 2486 vix
1169 2403 1279 2482 subet·

239 2545 372 2605 sertus

315 2648 441 2721 Mares
465 2645 560 2720 duos
582 2641 668 2743 cepi
691 2668 820 2718 mense
837 2646 1006 2747 Augusto
1027 2647 1068 2722 in
1089 2636 1280 2724 umbellntis

236 2768 336 2842 circa
359 2764 580 2851 cadorum,
605 2761 761 2837 tertium
782 2763 884 2838 domi
906 2766 952 2840 ad
972 2766 1155 2843 fenestras
1175 2779 1280 2840 mense

236 2886 355 2987 Majo.
409 2885 540 2960 Plures
563 2909 683 2958 mares
708 2899 748 2958 et
775 2881 954 2973 feminae,
983 2886 1083 2960 circa
1108 2889 1149 2966 V
1147 2882 1281 2962 rutisla·

234 3012 351 3094 uiam,
377 2994 627 3104 Hirscltberg,
654 3004 891 3094 Berolinum,
916 3003 1063 3082 Holum
1084 3010 1281 3085 Saxonum,

238 3127 280 3203 V
280 3123 535 3213 indodonnm,
561 3125 769 3213 Parmam,
796 3124 970 3202 Genuam
998 3140 1038 3201 et
1057 3130 1282 3229 Monspessu·

235 3248 366 3325 lunum
388 3258 540 3348 captae,
567 3241 661 3317 mihi
684 3244 925 3324 transmissae
945 3262 1044 3324 sunt.

647 3464 884 3544 Varietas:

235 3649 240 3660 ·
315 3610 346 3679 1.
374 3603 551 3680 Scutello
571 3617 655 3679 toto
675 3610 799 3705 nigro.
823 3617 933 3682 met
955 3604 982 3680 l.
1005 3647 1059 3664 -
1079 3591 1282 3704 Longttrdo

233 3721 345 3796 maris
369 3729 500 3811 6-7,
527 3723 690 3801 feminae
719 3727 881 3822 472-5
903 3726 1101 3802 linearum.
1152 3725 1282 3802 Anser

233 3867 307 3918 nne
321 3847 440 3917 moris
454 3843 625 3918 articulis
640 3853 751 3924 1-3
770 3845 897 3948 nigris,
924 3850 1041 3926 4-9
1056 3844 1170 3923 solvis
1186 3856 1280 3939 supm

194 3951 199 3962 ’
231 3961 359 4050 luscis,
390 3970 552 4042 10-13
566 3964 658 4038 totis
673 3964 801 4056 fulvis,
823 3965 1068 4068 sequentibus
1084 3963 1196 4042 luscis
1208 3953 1280 4033 sub-

228 4095 291 4155 tus
310 4081 446 4170 fulvis3
461 4082 641 4184 seminus
664 4083 836 4161 articulis
862 4089 974 4166 1-5
988 4087 1050 4165 rel
1069 4085 1159 4164 totis
1180 4071 1278 4180 nigri⁸
