2666 4812
214 358 293 439 586
644 376 914 432 uounuuuou

213 543 270 624 oio
284 542 404 620 rarius
420 539 540 617 lutere
553 563 725 619 convexo
747 541 826 620 fere
845 555 930 621 toto
943 542 1127 649 epioeque
1142 546 1284 649 nigris;

214 665 318 741 tibiis
333 661 491 766 posticis
507 661 695 737 interdum
709 662 818 766 epioe
833 664 957 766 uigm3
982 665 1094 742 ursis
1108 667 1286 768 plerum·

173 861 174 866 ,
214 811 290 890 que
310 783 439 861 ruscis.
492 779 695 861 Abdomen
710 799 903 885 segmento
920 793 939 863 1
957 784 1083 887 uigm,
1109 791 1286 889 margine

214 907 404 983 interdum
424 902 554 991 badi03
581 909 684 983 2-4
697 905 789 981 rufis
803 904 1020 994 anthediis3
1047 906 1287 984 oiuteidum

212 1026 292 1102 bosi
316 1051 459 1102 summu
483 1023 576 1099 rufe.
1012 1056 1014 1059 ·

289 1147 482 1223 Nonnulla
523 1142 718 1221 individue
756 1145 897 1248 passim
930 1143 970 1223 in
1001 1147 1144 1224 Silesiu
1179 1151 1286 1253 cepi,

215 1267 333 1346 uuum
346 1267 480 1344 eodem
492 1266 581 1341 loeo
596 1280 635 1342 et
647 1265 710 1342 die
723 1292 809 1342 cum
825 1265 1068 1344 varietatibus
1082 1276 1159 1348 Zet
1174 1277 1217 1347 6.

485 1539 748 1642 synonyma
773 1541 997 1618 feminaez

211 1679 321 1758 Ichn.
351 1679 626 1778 melonogonus
655 1678 783 1756 Gmel.
813 1679 871 1756 ed.
901 1677 1011 1756 Liuu.
1044 1702 1130 1786 peg.
1161 1687 1281 1770 2709,

263 1977 287 2013 „
341 1803 702 1999 Graieniuigi’edem.
727 1947 763 1996 n.
787 1929 849 2002 99.

465 2211 603 2289 Nota:

299 2352 400 2426 Haeo
434 2350 600 2453 species,
632 2347 877 2427 varietatibus
913 2347 1153 2454 quibusdem,
1194 2351 1282 2427 aliis

211 2471 409 2575 speciebus
430 2471 589 2573 propius
610 2470 767 2545 accedit.
796 2514 849 2529 -
874 2472 1047 2546 Varietas
1065 2467 1200 2558 tertia,
1231 2471 1280 2545 ob

211 2594 379 2668 colorem
407 2617 583 2666 coxarum
609 2605 648 2667 et
675 2589 960 2666 trochanterum
980 2606 1018 2668 et
1035 2588 1159 2666 calcar
1190 2589 1282 2666 lou-

208 2713 309 2815 gius,
337 2711 462 2788 forsan
478 2739 563 2786 cum
582 2709 691 2787 Ichu.
711 2715 979 2815 semioulpino,
1007 2741 1042 2786 n.
1059 2717 1153 2798 238,
1185 2735 1280 2785 con·

208 2832 316 2936 jungi
334 2848 484 2936 posset.
512 2875 566 2890 --
591 2831 796 2907 varietatis
823 2847 950 2908 sextae
970 2829 1164 2906 individuo
1189 2831 1277 2908 sile·

208 2956 324 3045 since,
354 2968 494 3028 statura
510 2950 627 3054 paulo
650 2953 833 3028 crassiore
848 2979 868 3026 e
881 2953 1040 3056 reliquis
1054 2947 1171 3051 hujus
1189 2979 1275 3053 spe-

203 3075 281 3151 ciei
310 3073 515 3150 individuis
546 3072 740 3161 distinctu,
767 3071 1019 3151 Ichneumoni
1034 3074 1274 3174 sumipenni,

208 3224 243 3270 n.
259 3201 348 3283 248,
377 3195 534 3297 propius
550 3194 743 3282 accedunt,
772 3210 812 3269 et
822 3193 923 3270 inter
934 3192 1035 3269 huno
1050 3208 1090 3268 et
1103 3197 1271 3272 melonu-

203 3341 346 3417 gonum
360 3315 524 3390 medium
539 3327 681 3390 teuent.
708 3355 761 3372 -
786 3314 958 3389 Venetas
973 3312 1144 3414 septimo,
1168 3329 1271 3388 aute·

206 3464 316 3540 quam
331 3463 414 3512 eum
427 3436 474 3511 ad
488 3433 584 3510 hunc
607 3433 771 3535 speciem
795 3434 1028 3534 redegeram,
1056 3459 1145 3508 cum
1160 3433 1269 3512 lehn.

205 3561 418 3634 celeratore
437 3571 476 3633 et
497 3562 761 3659 opprimotore
787 3553 992 3654 conjuncte
1019 3569 1120 3643 eren
1147 3569 1188 3632 et
1209 3553 1271 3628 ad·

204 3677 280 3752 huo
300 3678 517 3778 subjudice
538 3677 586 3752 lis
609 3691 684 3766 est,
712 3676 862 3751 cuinam
887 3673 1019 3750 herum
1047 3674 1167 3751 trium
1186 3701 1271 3778 spo·

202 3797 346 3872 cierum
369 3798 435 3873 ille
458 3798 619 3876 varietus
642 3796 825 3872 adsociori
848 3795 995 3872 debeat.
1021 3835 1074 3852 —
1101 3795 1268 3872 Tandem

201 3917 415 4021 quaeritur,
442 3945 491 3994 an
505 3918 633 3994 forsan
646 3917 740 3994 haee
756 3917 902 4020 species
915 3931 955 3993 et
967 3915 1080 3994 lehn.
1095 3917 1267 3994 semion!-

201 4046 315 4146 pinus
341 4063 428 4114 cum
447 4037 557 4116 chu.
578 4041 826 4118 su'mulutore
851 4036 1032 4117 sectionis
1055 4035 1203 4138 primae
1219 4033 1262 4110 ed

202 4185 315 4260 unani
336 4159 570 4264 eandemque
591 4157 760 4264 speciem
780 4157 977 4266 redigendi
998 4171 1139 4240 went.
