2698 4802
237 321 290 396 92
359 319 362 329 '
519 337 568 384 rx.
597 333 763 386 usurus
791 334 1025 384 seruatus.

238 497 571 588 subbiarticulata,
597 523 759 599 superne
774 496 1104 600 longitudinaliter
1119 499 1336 578 canalicu-

238 623 327 710 lata‚
343 617 453 718 cujus
468 616 566 717 apici
580 617 728 692 terebra
741 616 880 692 inserta
895 633 964 694 est.
998 621 1101 695 Haec
1119 621 1334 720 appendix

194 756 197 767 ⁴
241 757 367 818 autem
380 764 552 842 perraro,
581 754 619 813 at
632 764 822 838 nunquam
838 737 877 811 in
893 753 993 814 statu
1009 739 1140 839 quieto
1160 739 1331 830 insecti,

241 866 284 940 iu
315 874 523 960 conspectu
552 872 625 946 est,
667 884 752 931 cum
778 885 943 960 semper,
985 884 1062 934 non
1088 859 1216 934 solum
1253 863 1331 938 sub

242 996 411 1060 ventrem
427 980 582 1065 reflexa,
611 977 676 1052 sed
697 979 736 1052 in
751 978 881 1054 rimam
897 978 1218 1081 longitudinalem
1233 1009 1333 1085 seg·

240 1115 453 1180 mentorum
489 1096 711 1173 ultimorum
743 1115 895 1202 recepta
927 1099 1059 1200 ibique
1092 1100 1330 1178 abscondita

239 1248 322 1308 ‚esse
343 1222 476 1296 soleat.
530 1219 695 1293 Terebra
717 1245 827 1310 vero,
862 1219 944 1320 ejus
966 1220 1067 1321 apici
1087 1219 1220 1310 affixa,
1254 1221 1326 1324 qui

240 1368 343 1419 nunc
361 1340 430 1415 sub
450 1337 576 1414 medio
589 1353 721 1414 ventre
743 1338 837 1414 situs
853 1355 927 1428 est,
954 1337 1093 1415 iterum
1113 1340 1331 1441 reponitur

242 1478 357 1565 atque
372 1460 411 1534 in
426 1460 558 1535 rimam
573 1458 782 1535 ventralem
797 1459 1017 1534 ultimorum
1032 1472 1330 1560 segmentomm

240 1597 282 1660 et
300 1582 340 1658 in
355 1579 606 1655 canaliculum
622 1578 842 1681 appendicis
856 1578 1055 1669 dorsalem,
1083 1579 1158 1654 situ
1177 1578 1331 1680 quieto

243 1701 466 1804 appendicis
493 1700 684 1774 retroflexi
712 1698 751 1774 in
777 1715 910 1776 ventre
935 1700 1111 1776 deorsum
1138 1714 1331 1799 spectau-

242 1835 336 1912 tem,
370 1818 564 1921 recipitur.
627 1819 666 1896 Si
686 1845 776 1895 vero
798 1820 946 1896 terebra
968 1819 1043 1894 hoc
1065 1819 1140 1894 situ
1158 1819 1331 1922 longius

242 1966 285 2017 ae
308 1939 501 2041 porrigere
521 1940 709 2016 violenter
723 1938 876 2028 nititur,
900 1940 1091 2042 appendix
1104 1965 1192 2014 cum
1208 1957 1333 2042 parte

240 2059 403 2138 ventrali
419 2076 696 2162 segmentorum
711 2060 932 2136 ultimorum
953 2061 1006 2136 ita
1027 2060 1331 2162 protruduntur,

246 2195 291 2256 ut
322 2181 398 2256 situ
424 2181 597 2256 verticali
632 2207 672 2256 se
705 2179 925 2271 exhibeant,
953 2180 1084 2256 eadem
1122 2197 1334 2280 segmenta

243 2313 370 2374 autem
386 2324 548 2399 superne
563 2326 678 2373 unum
695 2299 734 2373 in
749 2300 911 2375 alterum
927 2300 1191 2402 reprimantur,
1216 2304 1333 2382 unde

242 2442 340 2518 apex
359 2416 568 2492 abdominis
582 2418 664 2519 ipse
685 2419 793 2495 valde
808 2420 1050 2509 incrassatus,
1078 2444 1335 2520 compresso-

241 2550 457 2624 truncatus‚
491 2535 639 2637 postice
665 2540 937 2617 canaliculatus
965 2522 1080 2641 (quia
1102 2537 1199 2614 rima
1225 2567 1336 2618 veu-

242 2655 351 2732 tralis
372 2681 519 2730 sursum
541 2672 642 2732 mota
663 2662 765 2758 est),
792 2662 941 2738 inferne
969 2659 1060 2758 (ubi
1083 2685 1179 2760 apex
1198 2657 1336 2736 abdo-

242 2776 357 2854 minis
383 2776 599 2876 prominet)
633 2779 913 2870 tuberculatus‚
948 2779 1119 2880 adparet,
1156 2779 1336 2879 vaginae

243 2896 368 2976 aculei
396 2911 523 2972 autem
548 2897 753 2999 marginem
782 2927 961 3002 superum
983 2898 1099 3000 partis
1118 2914 1337 2982 truncatae

244 3031 452 3118 occupant,
486 3019 633 3094 terebra
663 3018 744 3120 ipsa
774 3046 863 3098 vero
891 3047 913 3096 e
939 3018 1107 3120 margine
1133 3017 1337 3102 interiore

244 3137 360 3238 hujus
376 3137 493 3239 pertis
508 3139 709 3240 provenire
724 3139 886 3216 videtur.
927 3140 1028 3214 Haec
1043 3138 1171 3232 omnia
1185 3143 1339 3218 multi-

241 3256 336 3334 farie
352 3257 490 3333 variata
507 3258 703 3360 conspicio
717 3259 758 3334 in
773 3260 882 3362 copia
898 3259 1179 3334 individuorum
1193 3258 1338 3362 Rhys-

243 3401 367 3450 sarum
393 3377 619 3450 Porizonum
652 3393 724 3452 etc.
760 3380 897 3478 quibus
926 3377 1117 3480 appendix
1144 3378 1234 3468 ista,
1283 3384 1338 3460 iu

242 3493 376 3570 mortis
400 3518 519 3594 agone
538 3495 727 3571 violenter
745 3514 936 3598 protrusa,
972 3512 1061 3600 post
1084 3511 1247 3572 mortem
1283 3502 1339 3580 in

244 3612 318 3688 boc
331 3611 408 3687 situ
421 3613 568 3687 mansit.
598 3614 712 3690 Secus
727 3632 853 3694 autem
868 3635 926 3696 est
936 3619 1147 3721 adspectus,
1163 3622 1338 3718 quando

241 3733 433 3836 appendix
461 3747 542 3808 tota
572 3759 656 3808 cum
684 3736 885 3814 abdomine
915 3738 1000 3839 ipso
1031 3736 1072 3812 in
1094 3763 1205 3812 unam
1226 3764 1341 3818 ean..

241 3855 404 3954 demque
422 3853 669 3932 directionem
685 3856 999 3957 longitudinalem
1014 3873 1053 3932 et
1076 3843 1190 3931 situm
1210 3855 1340 3934 hori-

240 3974 432 4052 zontalem
449 3989 621 4076 porrecta
636 3991 711 4066 est,
739 3978 851 4078 quale
872 3977 964 4079 quid
986 3978 1024 4052 iu
1046 3976 1193 4052 duobus
1215 3979 1342 4056 indi-

240 4092 366 4174 viduis
381 4093 575 4172 Porizonis
588 4095 828 4175 claviventris
839 4112 879 4174 et
891 4097 993 4200 gravi
997 4096 1104 4202 pedis
1119 4111 1209 4178 ante
1222 4123 1344 4178 ocu-
