2658 4806
218 301 294 376 176
618 315 886 370 rcuseuuon

216 485 274 563 nis
289 481 514 584 ferrugineis
532 496 599 560 aut
616 482 880 560 flavicnntibus
899 483 1144 564 tenuissimis.
1206 493 1308 572 An

213 622 354 685 tannae
366 611 487 681 moris
501 616 683 692 setaceae,
705 602 853 680 inferne
866 601 1102 708 ferrugineae
1116 607 1291 692 articul
1305 650 1322 683 ι

214 728 339 832 primo
369 724 545 813 eborin03
561 725 740 826 feminae
761 740 944 814 setuceae,
973 727 1143 802 articulis
1170 739 1318 809 3-·

214 849 347 924 subtus
369 849 595 949 plerumque
618 844 843 944 ferrugineis
867 862 932 920 aut
953 845 1087 936 fuscis,
1118 857 1328 937 10-—13

214 969 311 1045 albis
326 968 456 1050 subtus
470 963 706 1066 ferrugineis,
733 965 978 1064 sequentibus
993 965 1110 1042 fuscis
1126 987 1199 1043 aut
1220 973 1304 1051 fer

212 1087 391 1192 rugineis.
442 1085 612 1162 Thorax
626 1089 747 1159 muris
762 1083 862 1159 linea
878 1102 964 1162 ante
977 1084 1071 1176 alas,
1088 1086 1323 1172 interdum

211 1211 338 1289 medio
355 1209 584 1308 interrupta,
611 1218 754 1307 puncto
766 1202 863 1278 infra
880 1206 973 1296 alus,
1002 1205 1095 1282 colli
1110 1215 1320 1313 margine

212 1354 394 1433 superno,
422 1325 612 1403 interdum
627 1326 739 1400 ctiam
762 1323 902 1401 lineola
923 1330 1167 1404 transversali
1186 1331 1314 1414 infra

213 1449 432 1537 scutellum,
461 1443 646 1533 eborinis3
662 1445 840 1546 feminae
858 1446 1084 1549 plerumque
1099 1463 1210 1526 totus
1231 1456 1312 1532 ni.

211 1595 287 1672 ger,
309 1568 496 1644 interdum
513 1579 656 1668 puncto
670 1564 757 1639 albo
773 1581 859 1640 ante
872 1566 949 1640 alas
966 1568 1167 1672 alteroque
1184 1571 1314 1658 infra

210 1690 287 1765 alas
304 1688 411 1764 albis.
453 1687 668 1763 Scutellum
684 1685 1129 1786 margineiateralialbo.
1178 1699 1315 1779 Alae

209 1809 385 1911 hyalinse
409 1822 474 1883 aut
500 1803 880 1906 ocbrnceobyalinae,
909 1807 1082 1909 stigmate
1103 1825 1144 1886 et
1174 1820 1310 1898 radio

209 1930 318 2018 rufis,
348 1926 419 2002 hoc
434 1927 623 2003 interdum
637 1925 755 2015 fusco
782 1928 907 2004 radice
924 1929 1134 2018 straminea,
1167 1959 1313 2038 squa-

207 2053 310 2142 mula
332 2048 434 2124 fusca
463 2047 582 2122 rarius
606 2046 706 2134 rusa3
734 2048 859 2123 areola
883 2050 945 2126 vel
965 2049 1195 2152 triangulari
1230 2065 1309 2140 vel

206 2166 558 2276 quinqueangulari.
614 2167 737 2244 Pedes
753 2169 821 2242 rufi
838 2185 902 2244 aut
916 2170 1059 2258 crocei3
1087 2172 1201 2248 coxis
1234 2183 1310 2257 ni.

206 2292 299 2394 gris,
327 2289 577 2365 anterioribus
602 2289 695 2363 mari
725 2289 871 2366 inferne
892 2290 1039 2365 macula
1062 2290 1168 2380 alba3
1203 2311 1311 2378 tro.

205 2409 445 2486 chanteribus
476 2408 609 2508 nigris,
638 2409 889 2484 anterioribus
914 2411 1139 2513 plerumque
1166 2420 1308 2520 apice

204 2529 315 2618 rufis3
342 2526 479 2630 postici
506 2528 731 2631 plerumque
759 2529 868 2604 tarsis
894 2544 933 2604 ct
962 2531 1140 2607 tibiarum
1166 2541 1306 2638 apice

205 2673 352 2724 summo
378 2648 504 2724 fuscis.
558 2646 761 2726 Abdomen
790 2650 954 2728 feminac
976 2652 1168 2728 interdum
1197 2685 1306 2768 seg.

205 2786 335 2847 mento
350 2768 532 2858 secundo,
560 2769 623 2846 vel
643 2769 755 2844 etiam
777 2772 910 2860 tertio,
938 2771 1051 2848 badio
1071 2788 1134 2850 aut
1150 2781 1304 2862 rufes-

205 2908 326 2982 ccnte,
349 2908 413 2967 aut
426 2888 583 2965 maculis
599 2889 744 2966 duabus
759 2888 873 2992 hujus
886 2893 1038 2986 coloris,
1061 2909 1124 2970 aut
1139 2895 1304 2982 badio.

202 3013 375 3092 limbato.

200 3201 217 3227 ,.
280 3135 425 3212 Marem
466 3130 637 3222 unicum,
679 3138 939 3224 austriorum,
976 3133 1089 3212 Dant
1119 3162 1300 3224 mecum

202 3255 507 3331 communicavit.
530 3297 583 3312 —
603 3253 634 3326 F
637 3253 783 3327 eminae
798 3269 929 3355 captae
944 3254 1087 3328 suntin
1101 3257 1299 3346 Austria

200 3391 242 3450 et
261 3375 301 3447 in
322 3377 489 3458 Silesi03
515 3372 596 3475 ipse
627 3400 739 3446 unam
767 3373 853 3474 cepi
878 3375 940 3450 die
966 3379 1214 3475 coangusti
1250 3387 1297 3465 in

201 3517 346 3567 summo
362 3491 557 3566 cacumine
571 3491 795 3568 Sudetarum
809 3492 967 3571 silesiae
978 3493 1300 3612 (Scitneekoppe

201 3611 429 3713 nominato).

587 3834 877 3912 varietates:

193 4021 197 4028 ·
279 3979 311 4050 1.
353 3971 548 4072 Stigmata
569 3972 703 4074 fusco.
741 4015 795 4030 —
832 3972 1009 4048 Feminas
1049 3980 1289 4080 nonnullas,

190 4090 299 4196 circa
322 4096 377 4174 W
375 4093 587 4174 urmbrunn
607 4105 755 4196 captas,
781 4095 1021 4206 cMongero
1040 4096 1195 4210 accepi.
