2706 4810
338 368 438 424 rsa.
464 350 522 418 lv.
551 361 827 422 cnrrruaus.
1039 347 1115 423 661

306 532 443 608 Notat

129 653 192 729 De
212 659 390 732 antennis
408 665 449 728 et
461 649 735 756 crispantibus
747 651 848 733 Neet
860 651 911 730 ab
923 649 1117 730 Esenbeclt

53 771 93 846 in
119 771 241 847 literis
269 771 362 850 haec
388 799 536 850 mecum
564 773 877 852 communicavit:
916 775 1119 852 Antennne

51 905 177 966 rectae
202 907 386 983 setacene,
419 892 588 968 radicula
618 909 791 992 ungusta,
826 918 941 996 scapo
971 894 1118 1000 cynthi-

53 1009 184 1102 lormi,
211 1011 444 1115 pedicellum
468 1013 792 1120 subcylindricum
813 1011 964 1088 brevem
983 1039 1116 1115 parurn

49 1147 258 1223 exsertum,
298 1157 385 1212 cum
422 1133 585 1211 articulo
613 1132 824 1212 accessorio
858 1133 1115 1222 unnulil'ornri,

51 1253 221 1341 fovente,
249 1253 409 1356 reliquis
432 1253 604 1330 articulis
625 1251 844 1358 cylindricis
863 1253 1117 1328 decrescenti-

50 1373 122 1448 bus
140 1371 328 1474 contiguis
355 1373 663 1478 pubescentibus.
691 1413 744 1430 -
771 1375 940 1476 Clypeus
968 1397 1115 1478 parvus,

50 1492 133 1570 lere
150 1492 385 1584 renilormis,
413 1495 460 1569 ab
480 1493 605 1572 oculis
627 1507 811 1581 remotus,
840 1492 879 1566 in
900 1495 1026 1568 medio
1046 1493 1117 1568 im-

50 1612 246 1718 pressione
269 1639 394 1706 curm,
421 1615 470 1691 ab
490 1633 653 1718 utroque
667 1615 786 1693 latere
799 1637 889 1688 vero
903 1615 1011 1690 loves
1029 1639 1118 1720 pro·-

48 1731 164 1808 lunda
178 1728 334 1839 obliqua
348 1735 546 1826 discretus,
574 1733 743 1836 margine
756 1730 883 1810 antico
901 1734 984 1814 sinu
1000 1759 1116 1840 parvo

48 1853 253 1930 mundato
273 1857 413 1934 exciso.
469 1857 640 1934 Lubrtnn
661 1868 868 1939 exsertum,
902 1855 983 1931 lere
1005 1851 1118 1930 semi-
1231 1859 1234 1864 ’

46 1970 252 2065 circulare,
280 1974 440 2067 declive,
468 1977 654 2054 ciliatum.
709 1971 1116 2056 Mondibttlnebreres

45 2095 483 2200 truncetotriangnlarcs,
504 2096 614 2200 apice
629 2096 818 2182 incurvae,
837 2109 947 2169 acute
968 2092 1116 2180 bifidae,

45 2211 225 2290 dentibus
239 2213 531 2318 subaequalibus
545 2215 678 2293 acutis.
706 2209 1014 2296 Munillnelnbii
1032 2213 1118 2288 lon·

46 2331 237 2434 gitutline,
266 2335 381 2438 idque
395 2336 688 2439 amplectentem
714 2335 847 2442 Stipes
865 2357 1115 2434 compressus,

44 2449 147 2528 iacis
178 2451 464 2536 interueniret
493 2480 680 2548 convexa,
721 2471 853 2534 exacte
886 2452 1116 2552 lanceolsts3

45 2575 156 2652 mata
174 2572 417 2676 longitudine
443 2575 597 2679 stipitis,
626 2571 909 2653 membranacea
936 2571 1118 2648 binrticu-

44 2696 142 2782 lata,
177 2693 342 2772 articulo
361 2693 485 2772 iniero
507 2697 624 2800 paulo
648 2694 767 2798 magis
788 2692 961 2774 interiori
984 2691 1117 2770 subor-

43 2812 218 2892 biculnto
236 2813 402 2905 minore,
435 2813 642 2894 introrsum
661 2816 725 2894 vix
752 2816 792 2894 in
815 2815 947 2894 lobum
973 2813 1118 2921 promi-

43 2950 179 3025 nente,
212 2935 400 3040 superiori
423 2933 622 3038 irregulari
641 2933 921 3042 trapenilormi,
948 2934 1117 3036 margine

43 3053 229 3133 exteriori
258 3072 300 3136 et
326 3055 513 3160 superiori
544 3053 676 3144 rectis,
711 3055 786 3132 hoc
808 3053 959 3142 cilisto,
994 3053 1118 3130 iniero

41 3175 205 3278 obliquo
227 3177 377 3280 angulis
404 3175 563 3256 obtutis.
618 3175 737 3280 Polpl
765 3177 999 3256 maxillares
1018 3171 1117 3250 mala

41 3294 166 3398 duplo
186 3295 396 3399 longiores,
424 3295 634 3374 subtetacei
658 3293 911 3398 pubescentes
929 3293 1118 3396 quinque·

41 3415 251 3506 articulati,
277 3414 442 3498 articulo
457 3417 584 3522 primo
599 3413 788 3493 obconico
802 3413 914 3516 spice
927 3425 1116 3500 truncato.

41 3535 214 3612 secundo
226 3537 467 3630 cultrilormi,
494 3535 613 3614 tertio
628 3535 807 3636 elongato
822 3529 1116 3639 subcylindrico,

40 3673 134 3734 ante
156 3655 304 3761 apicem
323 3659 527 3738 introrsum
548 3655 667 3735 aciem
689 3656 841 3733 breuem
861 3649 1117 3756 prominulam

39 3792 213 3878 gerente,
229 3793 366 3882 quarto
379 3775 663 3880 subcylintlt'ico
676 3774 753 3852 basi
768 3774 883 3878 paulo
897 3770 1115 3874 angustiori,

41 3897 186 3998 quinto
207 3894 379 3976 fililormi
400 3896 566 3976 tenuiori
589 3910 719 3983 ncut03
747 3893 998 3998 longitudinis
1018 3895 1116 3971 ratio

46 4049 85 4105 t,
110 4051 149 4106 t,
172 4055 200 4106 ι,
225 4014 275 4120 ’4.
304 4017 491 4098 bobium:
506 4017 683 4096 Mentem
698 4013 1118 4092 corneumconvexius·

39 4135 177 4216 calum
190 4135 430 4234 obconicum,
443 4139 544 4218 inter
554 4138 690 4246 pulpos
703 4133 1116 4238 enargia-rummeins
