2706 4810
438 313 607 370 esuris
632 315 674 370 rr.
1015 305 1094 382 Μ

447 481 547 586 Peg.
575 490 678 564 880.

112 619 167 700 dd
187 617 308 696 nostri
330 621 454 722 Trogi
474 623 610 698 lurorii
627 619 830 699 varietates
850 621 960 726 epioe
979 623 1096 704 sbdo-

29 742 147 822 minis
160 757 198 819 et
210 741 397 820 lemurum
410 739 647 843 porticorum
662 741 770 846 nigro
787 741 1023 824 adhibendus
1037 761 1097 824 est

30 863 268 944 Iehneumon
298 861 639 964 Atropostcurtis
672 861 759 938 Eut.
788 863 879 939 Brit.
907 863 997 944 isso.
1025 871 1095 962 58,

30 1015 67 1063 n
76 985 173 1072 254,
189 979 256 1058 ubi
271 995 405 1058 uuemr
418 1003 572 1085 quoque
585 987 667 1060 oris
677 996 812 1084 portes
823 987 948 1086 Trogi
959 988 1097 1068 lutorii

32 1099 227 1193 exhibuit,
252 1101 359 1180 notis
382 1102 577 1178 nonnullis
598 1101 1097 1205 adescriptiouelleesennn

30 1225 168 1302 herm
188 1221 354 1325 partium
377 1221 571 1300 secedens:
605 1223 636 1298 E
653 1221 812 1296 Cnrtisii
831 1222 1099 1306 observatione

30 1343 138 1424 enim
158 1341 309 1420 labrum
330 1341 463 1418 subtus
483 1341 735 1444 appendicula
756 1341 867 1420 molli
885 1347 1099 1424 ecumiuntn

28 1475 185 1544 suctum
207 1479 282 1552 est3
307 1463 419 1566 polpi
438 1463 671 1539 maxillares
682 1461 780 1536 melu
797 1460 999 1566 quinquies
1013 1467 1099 1546 lon-

27 1587 159 1688 giores
187 1597 293 1672 sunt,
330 1579 484 1656 articuli
518 1605 646 1658 esrum
679 1605 831 1684 quoque
857 1582 1098 1687 longitudino

26 1703 192 1784 relative
206 1701 323 1806 poulo
335 1701 530 1783 discedere
544 1701 739 1792 videntum
757 1706 1100 1808 pulparumlodia.

26 1831 129 1910 lium
156 1821 308 1898 articuli
337 1830 461 1901 1-8
489 1821 735 1922 subaequales
773 1839 878 1916 sunt,
920 1827 1099 1930 1lingue

29 1942 195 2022 dimidiu
219 1941 384 2023 brevior.
426 1983 479 2002 --
517 1943 620 2020 Haeo
654 1943 817 2045 speeies,
858 1971 880 2022 e
912 1947 1098 2026 relatione

29 2063 214 2153 Curtisii,
242 2062 383 2166 passim
403 2061 443 2138 in
457 2063 607 2162 Anglio
619 2077 727 2164 cepta
741 2079 815 2154 est,
842 2091 970 2144 mense
984 2069 1097 2162 Julii;

25 2187 138 2268 larva
156 2182 266 2264 unius
280 2179 468 2264 individui
483 2181 637 2290 degerat
658 2189 697 2262 in
712 2184 824 2266 larva
835 2184 1099 2268 Acherousias

25 2309 221 2410 Atropos.
680 2317 685 2326 '

452 2527 552 2628 rag.
582 2535 681 2608 sos.

104 2665 286 2770 Alomyo
324 2679 465 2746 ouoror
503 2662 682 2768 frequens
718 2679 777 2744 est
807 2665 910 2747 ciros
941 2669 1095 2776 Netley.

15 2793 205 2872 Feminis
224 2785 342 2861 tibiae
362 2781 533 2886 posticae
553 2785 662 2886 apice
681 2811 826 2862 summo
847 2787 976 2890 nigrae
990 2806 1096 2882 sunt3

16 2905 231 2986 individuo
253 2903 417 2984 maximo
448 2929 577 2980 eurum
596 2922 830 3007 segmentum
855 2916 874 2985 1
897 2923 1020 2986 totum
1041 2911 1098 2986 ni-

12 3055 138 3134 grum
162 3043 232 3104 est.
286 3029 424 3106 Mures
444 3023 658 3102 transmissi
680 3026 727 3100 ud
746 3025 946 3104 varietates
961 3055 994 3105 a.
1011 3055 1044 3107 e.
1061 3058 1094 3111 e.

10 3153 41 3228 f.
76 3176 118 3256 g.
150 3161 191 3224 et
216 3146 264 3223 ed
290 3171 425 3224 novem
452 3143 693 3236 varietatem,
728 3143 939 3226 abdomine
963 3156 1100 3252 nigro,

9 3282 313 3378 segmentorum
336 3275 362 3350 2
389 3279 427 3346 et
455 3273 478 3344 5
504 3262 693 3346 luteribus
713 3265 833 3368 rufis,
859 3283 1044 3372 spectant.

447 3488 549 3592 Peg.
579 3493 680 3568 402.

99 3625 167 3706 Ad
192 3625 373 3706 feminum
399 3625 597 3730 Alomyue
626 3631 798 3706 oratoris
823 3627 938 3704 etiarn
962 3627 1097 3707 referri

9 3751 143 3828 debet
172 3751 315 3828 Alom:
353 3752 477 3823 vietor
510 3743 637 3820 Curtis
669 3746 755 3824 Ent.
786 3749 877 3826 Brit.
906 3749 997 3830 fase.
1028 3761 1097 3844 30,

9 3899 45 3948 u.
72 3877 179 3960 120,
205 3865 424 3946 differentia
446 3864 566 3956 enim,
601 3892 623 3940 a
645 3881 839 3966 segmento
865 3878 884 3947 1
905 3883 990 3945 toto
1009 3872 1097 3948 rufo

9 3991 166 4094 petite,
201 3989 305 4092 quod
328 3988 369 4063 in
389 3987 457 4067 Al.
482 3983 720 4066 debellatore
740 3985 930 4087 petiolum
950 3989 1099 4090 nigrum

9 4109 167 4190 rubere
186 4107 341 4202 debent,
368 4107 553 4188 momenti
572 4107 686 4189 nimis
705 4105 922 4190 laevinus
935 4107 1098 4205 videtur,
