2658 4806
211 291 293 370 224
616 303 885 362 munaunou

210 475 311 554 alba.
362 471 568 553 Abdomen
586 471 935 573 coeruleouigrum,
968 493 1148 574 opacum,
1175 474 1306 578 apice

213 596 393 684 nitidum,
420 591 624 695 tegmentis
643 595 759 671 a-a
785 591 976 668 interatum
1005 593 1161 668 summis
1189 619 1308 672 mar.

212 715 362 821 giaibus
391 713 588 790 castaneis.

290 833 489 911 ludividua
515 832 593 909 duo
622 832 706 934 cepi
736 857 865 908 mense
885 828 1001 906 Junio
1027 830 1069 908 in
1094 831 1303 915 fruticetis

213 981 335 1061 prope
365 953 621 1040 Sabeidnr'cb3
654 954 839 1057 quaedam
869 949 963 1041 alia,
998 951 1097 1028 cirea
1130 957 1303 1034 Wurm.

212 1066 336 1157 onmia
362 1089 402 1154 et
426 1075 577 1178 Niesky
602 1088 730 1176 capta,
764 1075 961 1174 Muugero
989 1085 1030 1150 et
1056 1067 1301 1179 Rocntjenio

213 1199 348 1278 debeo.

624 1416 865 1494 Varietas:

293 1564 328 1637 1.
355 1556 505 1633 Puncta
518 1552 608 1633 albo
623 1557 731 1658 insto
750 1557 838 1631 ulus
857 1550 1079 1650 deficiente.
1107 1599 1160 1612 -
1186 1554 1295 1634 Scu-

213 1681 347 1757 tellum
363 1678 444 1752 solo
458 1677 565 1778 apice
580 1675 681 1751 albo.
735 1678 840 1753 Alae
852 1674 1048 1776 squamula
1066 1690 1144 1750 tota
1161 1677 1289 1778 nigra.

214 1797 337 1876 Pedes
360 1813 544 1873 tarsorum
580 1794 812 1873 anteriorum
846 1794 1017 1869 articulis
1047 1794 1290 1874 intermediis

212 1920 305 1996 totis
321 1917 455 2020 nigris,
483 1915 662 1991 tibiarum
681 1915 913 1992 anteriorum
932 1912 1040 2017 apice
1062 1930 1147 1991 toto
1161 1916 1295 2019 nigr0,

213 2038 420 2118 femoribus
439 2035 574 2112 amicis
596 2037 705 2142 apice
725 2036 808 2112 solo
828 2035 1157 2137 piceostramineo.

290 2160 451 2236 Unicum
471 2155 586 2258 hujus
610 2156 802 2234 varietatis
825 2153 1064 2230 individuum
1087 2182 1176 2231 cum
1200 2181 1297 2262 ape-

213 2281 274 2359 cie
293 2277 456 2383 genuina
474 2301 596 2380 propa
617 2273 853 2356 Scheidnicla
875 2276 974 2379 cepi.

569 2625 624 2688 70.
666 2611 694 2680 Ῑ.
716 2612 742 2680 F
744 2615 937 2682 USCIPES.

417 2785 545 2853 Orbitis
577 2781 767 2866 oculorum,
794 2784 930 2875 punctis
957 2783 1089 2851 duobus
1121 2783 1163 2849 ad
1190 2786 1296 2853 radi-

416 2912 489 2954 cem
508 2887 647 2971 alanna,
671 2889 861 2976 annuloque
879 2887 1052 2968 tibiarum,
1075 2885 1172 2954 athir.
1196 2887 1294 2957 111.ss

419 2991 503 3079 (mas
530 2991 668 3060 maculis
705 2992 804 3059 faciei
832 3003 867 3062 et
893 3002 1112 3058 antennarum
1141 2991 1295 3060 articulo

414 3095 526 3184 primo
554 3095 669 3162 subtus
697 3094 798 3182 albis5
828 3094 953 3164 semina
973 3105 1194 3162 antennarum
1224 3119 1297 3162 nn·

419 3195 502 3264 nulo
525 3195 632 3284 albo.)

289 3373 461 3449 Statura
499 3383 539 3448 et
576 3372 777 3476 proportio
812 3374 979 3478 partium
1012 3370 1296 3482 Ichneumonr‘r

217 3487 449 3572 delirutorii.

290 3610 514 3713 Longitudo
541 3619 663 3690 moris
692 3611 845 3721 6-67,
878 3614 1081 3705 linearum,
1104 3617 1295 3717 feminae

214 3733 330 3810 5-6
344 3732 543 3810 linearum.
599 3738 731 3836 Caput
747 3744 868 3813 muris
880 3735 1004 3839 palpis
1024 3748 1064 3809 et
1083 3734 1294 3812 mandibu-

211 3851 333 3928 larum
348 3853 495 3927 macula
511 3857 621 3944 albia,
648 3857 788 3957 clypeo
802 3857 863 3933 vel
877 3872 962 3932 toto
977 3855 1085 3957 nigro
1101 3871 1166 3929 aut
1180 3854 1289 3944 albo,

212 3976 275 4050 vel
291 3975 378 4049 albo
392 3974 515 4050 medio
532 3976 657 4077 nigros
686 3975 783 4054 facie
797 3977 893 4070 alba,
910 3977 1034 4055 medio
1049 3977 1173 4079 nigrat
1201 3977 1292 4080 plc-

212 4121 373 4202 rumque
405 4094 540 4174 orbitis
570 4097 772 4176 oculorum
804 4098 971 4178 externit
996 4111 1037 4178 et
1060 4112 1207 4203 puncto
1236 4097 1289 4172 ad
