2666 4812
233 333 310 408 602
630 346 901 402 rcunauuou

155 495 162 504 ⁵
231 585 236 596 ,
310 515 347 592 6.
370 517 392 590 2
416 512 635 614 Segmentis
654 522 681 592 2
701 527 740 592 et
760 524 785 596 5
804 511 919 616 rufis,
944 516 1299 594 contaminatas-

229 633 380 714 teribus
398 632 658 712 anterioribus
675 633 811 713 subtus
826 641 1056 714 stramineis.
1077 677 1132 696 --
1150 635 1187 712 A'
1201 665 1299 714 mare

230 755 399 857 genuino
420 751 484 828 hic
499 753 629 829 differt
651 755 824 831 antennis
846 769 885 831 et
899 755 1102 834 abdomine
1115 757 1302 834 breviori-

233 875 322 964 bus,
364 899 434 951 nee
461 900 538 950 non
566 887 761 976 segmento
788 875 912 976 primo
930 875 1058 952 eutice
1083 880 1301 977 angustiore

232 993 442 1072 tuberculis
460 993 681 1070 lateralibus
702 995 902 1072 subnullis.
955 997 1012 1073 An
1026 996 1174 1098 species
1187 1025 1303 1102 pecu·

236 1115 366 1192 liaris?
385 1158 439 1172 —
452 1113 674 1215 Longitudo
693 1107 759 1221 2¹),
781 1115 979 1192 linearum.
1034 1120 1167 1221 Caput
1178 1120 1302 1222 pulpis

234 1252 274 1312 et
295 1235 596 1313 mandibularum
612 1236 739 1312 medio
753 1234 870 1311 flavis.
923 1238 1131 1315 Antennue
1143 1264 1302 1342 corpore

234 1356 392 1431 dimidio
414 1354 477 1433 vix
496 1358 692 1460 aliquanto
711 1356 922 1458 longiores,
959 1357 1105 1460 nigrae,
1139 1359 1300 1436 articulo

227 1465 356 1582 ⁴primo
379 1476 509 1553 subtus
523 1492 667 1578 puncto
683 1473 899 1555 stramineo.
953 1481 1056 1558 Aloe
1068 1477 1302 1556 subsumato-

233 1597 429 1699 hyalinae,
457 1596 633 1698 stigmate
654 1613 693 1673 et
712 1598 819 1673 radio
838 1595 1086 1702 luscopiceis,
1113 1597 1243 1677 radice
1265 1613 1301 1676 et

229 1709 431 1822 'squamula
457 1717 577 1792 flavis.
644 1715 767 1795 Pedes
792 1717 897 1794 coxis
926 1733 965 1794 et
996 1715 1298 1796 trochanteribus

228 1827 373 1942 nigris,
407 1835 660 1913 anterioribus
683 1837 814 1914 subtus
836 1837 1216 1942 pallidestramineis3
1249 1837 1300 1912 le·

234 1957 401 2033 moribus
421 1956 674 2033 anterioribus
693 1958 887 2049 testaceis,
916 1984 1028 2062 supra
1042 1957 1149 2033 basin
1171 1983 1299 2034 versus

233 2077 524 2180 nigricantibus,
552 2069 709 2178 posticis
732 2078 848 2180 nigris
870 2079 979 2183 apice
999 2095 1040 2155 et
1059 2105 1204 2155 summa
1222 2077 1298 2152 basi

232 2199 510 2286 testaceorufis3
543 2196 649 2272 tibiis
687 2198 878 2294 testaceis,
919 2197 1077 2304 posticis
1112 2196 1223 2301 apice
1264 2212 1297 2272 et

233 2347 376 2398 summa
403 2319 484 2393 basi
514 2319 804 2419 nigricantibus;
844 2319 952 2396 tarsis
988 2319 1126 2396 anticis
1155 2317 1298 2396 strami-

233 2441 332 2533 neis,
349 2441 483 2516 mediis
499 2438 627 2527 luscis,
655 2439 814 2540 posticis
829 2439 959 2543 nigris.
997 2439 1205 2521 Abdomen
1221 2439 1296 2514 tho-

228 2591 319 2670 'raca
347 2562 463 2666 paulo
489 2559 639 2660 longius
662 2575 701 2634 et
727 2560 842 2660 paulo
865 2561 1076 2664 angustius,
1110 2560 1295 2638 lanceola·

231 2701 332 2774 tnm3
361 2695 556 2784 segmento
580 2689 598 2756 1
622 2679 767 2781 apicem
789 2706 918 2760 versus
939 2681 1076 2758 sensim
1100 2681 1292 2786 aliquanto

231 2805 406 2894 dilatato,
435 2798 646 2876 tuberculis
667 2799 888 2877 lateralibus
910 2801 948 2877 in
968 2802 1094 2877 medio
1116 2802 1215 2894 sitis,
1239 2801 1286 2874 six

228 2902 465 3026 conspicuis,
493 2919 611 3025 partis
635 2919 781 2998 anticae
800 2921 1039 3022 longitndine
1058 2922 1289 3000 latitudinem

232 3043 455 3131 excedentem
482 3052 508 3122 2
528 3057 568 3121 et
588 3051 612 3120 3
639 3041 742 3117 rufis.

228 3145 234 3154 ⁵
307 3167 453 3247 Marem
477 3163 631 3242 unicum
648 3163 826 3240 Bessere
851 3163 894 3243 V
891 3161 1053 3270 olbyniu
1077 3161 1287 3242 transmisit

485 3387 624 3464 Notas

233 3557 250 3598 .·
312 3526 539 3623 Quaeritur,
565 3549 656 3598 uum
675 3520 802 3600 forsan
815 3521 910 3600 haec
929 3520 1075 3624 species
1089 3549 1177 3600 num
1192 3521 1289 3602 leba.

228 3648 513 3739 iscbiomelino,
554 3674 589 3722 n.
621 3645 714 3733 259,
754 3643 945 3746 jungenda
974 3643 1047 3718 sit?
1100 3643 1288 3718 Indiuidua

231 3769 413 3872 quaedam
443 3767 584 3871 speciei
607 3763 793 3868 genuinae
815 3766 929 3842 etiam
950 3763 1116 3840 maribus
1136 3765 1289 3842 Ichneu-

229 3895 352 3966 monis
372 3893 601 3976 latratoris,
627 3913 663 3960 n.
686 3891 782 3975 242,
816 3885 1017 3960 admodum
1041 3884 1167 3962 alfinia
1194 3895 1285 3966 suut,

230 4010 347 4089 itaut
365 4007 549 4086 facillime
567 4035 656 4088 uum
675 4005 730 4086 eis
751 4003 934 4086 confundi
955 4004 1115 4111 possint.
