2698 4810
240 289 318 364 tto
640 303 909 360 ronnsuuou

654 469 892 548 Varietas:

313 619 353 688 ·1.
380 609 632 708 Segmentis2
646 624 684 685 et
700 618 724 688 3
742 607 854 706 rufis,
880 615 995 688 2-7
1011 613 1187 709 margine
1203 609 1320 688 olbo-

231 730 357 830 fluvo.
385 773 437 788 -
469 732 672 806 Antennoe
697 730 861 834 articulo
882 728 1007 829 primo
1030 727 1163 805 subtus
1187 731 1320 809 serru-

242 853 364 954 gineo.
381 893 433 906 -
455 851 595 924 Exacte
617 849 782 924 medium
797 865 903 924 tenet
919 849 1018 924 inter
1030 848 1125 923 hanc
1140 853 1318 952 speciem

241 987 280 1048 et
309 970 614 1072 praecedentem,
650 970 860 1045 abdominis
882 970 1030 1072 pictura
1059 996 1197 1071 nempe
1225 999 1318 1047 cum

240 1089 484 1174 laboratorio
505 1113 735 1190 congruens,
763 1088 922 1166 coeteris
944 1102 1069 1165 autem
1083 1115 1169 1164 cum
1193 1097 1318 1170 inter·

242 1228 369 1315 rupto.

320 1329 482 1406 Unicum
510 1327 751 1406 individuum
777 1326 882 1432 oepit
914 1325 964 1408 de
991 1325 1154 1432 Heyden
1187 1355 1315 1435 prope

241 1453 474 1554 Meiningen.

467 1850 542 1912 tto·
582 1837 610 1904 Ι.
634 1835 1072 1905 SEPTEMGUTTATUS.
1114 1859 1150 1903 u.

446 2007 571 2074 Orbitis
590 2008 729 2074 internis
751 2005 942 2086 oculorum,
963 2006 1096 2094 punctis
1118 2003 1160 2072 ad
1184 2004 1315 2076 alarum

443 2110 599 2188 radicem,
623 2107 813 2194 maculaque
826 2119 1101 2196 segmentorurnfi
1114 2119 1147 2172 et
1159 2119 1191 2187 7,
1207 2108 1314 2192 athis3

446 2211 628 2277 femoribus
645 2211 866 2278 anterioribus
879 2210 972 2298 apice
989 2207 1086 2292 rufis3
1110 2209 1204 2276 tibiis
1217 2213 1313 2296 rufis,

444 2314 652 2402 posticorum
671 2313 764 2399 apice
785 2312 896 2400 nigro.
940 2335 985 2378 m.

319 2520 488 2597 Statura
510 2535 548 2596 et
569 2517 767 2623 proportio
787 2519 951 2622 partium
966 2520 1075 2597 Icltn.
1092 2530 1315 2608 ornatorii5

245 2639 444 2714 abdomine
468 2640 583 2740 poulo
605 2639 817 2740 graciliore.
872 2642 950 2714 Hac
971 2641 1221 2742 proportione
1247 2644 1315 2716 ab·

246 2760 409 2834 dominis
432 2761 544 2834 etiam
569 2759 615 2832 ab
637 2758 747 2836 Iclrn.
772 2765 899 2836 iocero
920 2762 976 2858 (n.
1004 2763 1097 2861 121)
1123 2760 1312 2848 diversus,

244 2881 305 2955 cui
326 2896 516 2954 caeterum
537 2880 672 2954 affinia.

321 2999 544 3099 Longitudo
566 3007 590 3075 6
611 2998 808 3072 linearum.
865 3003 994 3102 Caput
1008 2999 1132 3102 palpis
1153 3013 1193 3072 et
1206 3025 1315 3072 man-

244 3122 459 3196 dibularum
487 3117 613 3193 medio
639 3116 968 3218 rulolerrugineis,
1003 3118 1131 3221 clypei
1159 3118 1313 3192 macula

244 3242 395 3342 didymo
418 3237 634 3326 straminea,
663 3236 797 3311 orbitis
813 3237 971 3313 internis
991 3239 1191 3312 oculorum
1211 3239 1315 3312 albi·

243 3361 313 3434 dis.
375 3363 579 3437 Antennoe
611 3356 773 3432 articulo
809 3367 828 3436 1
866 3359 997 3433 subtus
1031 3371 1175 3461 puncto
1208 3359 1312 3433 albo.

245 3478 414 3554 Thorax
435 3492 579 3579 puncto
606 3493 693 3550 ante
720 3478 814 3567 alas,
851 3478 1070 3580 lineolaque
1097 3477 1194 3552 inira
1218 3479 1312 3567 alas,

244 3596 352 3673 albis.
408 3597 621 3674 Scutelltun
644 3596 783 3672 album.
845 3601 949 3676 Aloe
973 3596 1310 3699 lumatobyaliuae,

244 3715 417 3815 stigmate
439 3715 714 3805 dilutecroce0,
749 3716 855 3792 radio
878 3733 916 3793 et
935 3718 1061 3794 radice
1084 3717 1310 3794 stramineo-

243 3834 351 3920 rufis,
380 3835 574 3933 squamula
596 3837 711 3936 nigra.
767 3837 889 3915 Pedes
915 3837 1122 3913 semoribus
1142 3833 1308 3913 auterio-

242 3951 348 4028 ribus
370 3952 501 4027 subtus
526 3951 564 4028 et
591 3955 699 4055 apice
722 3957 831 4046 rufis;
866 3957 972 4032 tibiis
1000 3959 1109 4047 rufis,
1147 3955 1305 4065 posticis

242 4072 353 4178 apice
372 4072 500 4176 nigros
527 4072 637 4152 tarsis
658 4076 766 4167 rufis,
801 4076 961 4180 posticis
984 4101 1097 4184 supra
1118 4073 1306 4182 nigrican-
