2666 4812
246 357 326 434 ost
603 419 606 426 ,
648 371 923 429 rouusuuou

248 535 684 642 virsubpsllidioribus,
710 537 872 642 reliquis
894 565 1008 643 supra
1027 537 1156 618 luscis.
1205 539 1284 616 Aloe

250 663 423 764 stigmate
439 673 478 735 et
498 659 604 735 radio
620 658 754 748 fuscis,
782 657 855 736 hoc
877 659 985 736 basin
1005 688 1135 738 versus
1154 660 1284 764 pallido,

248 783 376 860 radice
390 779 575 868 exalbida,
601 780 798 880 squamula
812 779 933 856 dilute
947 781 1062 858 lulvs.
1110 779 1283 860 Abdomeu

249 897 453 1006 segmentis
468 905 566 978 1-4
583 898 674 973 totis
689 900 791 975 rufis.
820 942 874 960 --
899 901 1058 980 Caetera
1074 928 1157 978 curu
1171 898 1285 976 lenius

249 1022 412 1128 genuina
434 1019 676 1096 conveniunt.

325 1141 489 1217 Unicum
529 1139 768 1219 individuum
805 1139 1125 1246 pedemontanam
1161 1138 1286 1220 Bonelli

249 1261 470 1340 transmisit.

324 1504 379 1582 5¹³·
413 1506 604 1582 Antennis
629 1498 969 1592 subtricoloribus,
996 1500 1208 1582 abdominis
1230 1525 1283 1576 ns·

249 1624 316 1704 dio
331 1626 436 1725 ruso,
462 1628 576 1698 coxis
587 1629 748 1726 posticis
762 1629 906 1722 nigris,
921 1623 1146 1726 semoribus
1156 1625 1283 1728 posticis

249 1745 374 1822 medio
389 1751 520 1846 nigris.
549 1742 577 1820 f.
603 1785 656 1801 --
680 1742 903 1842 Longiludo
918 1742 984 1846 273
1004 1745 1200 1822 linearum.
1223 1741 1282 1819 Aa

248 1880 387 1943 tennoe
419 1863 589 1942 articulis
621 1870 736 1941 1-6
763 1865 873 1952 rufis,
909 1865 1155 1965 sequentibus
1186 1863 1284 1961 nigro-

248 1985 384 2074 fuscis,
416 1995 730 2063 10-12autem
760 2009 872 2085 supra
899 1984 1001 2056 rufis.
1055 1987 1160 2061 Aloe
1182 1977 1283 2057 sublu-

250 2105 575 2208 mato-hyalinae,
597 2105 770 2206 stigmate
784 2101 909 2178 radice
926 2118 965 2176 et
981 2105 1176 2208 squamula
1191 2099 1281 2176 rules·

250 2228 442 2313 centibus,
468 2227 576 2301 radio
603 2225 722 2303 fusc0.
778 2224 900 2302 Pedes
929 2225 1018 2313 ruli,
1053 2226 1158 2300 coxis
1183 2217 1280 2322 nigris.

250 2347 456 2422 femoribus
489 2345 648 2449 posticis
681 2370 843 2447 superne
870 2346 1016 2420 macula
1044 2346 1167 2424 media
1191 2342 1279 2444 nigra.

249 2466 453 2547 Abdomen
474 2465 675 2566 segmentis
697 2470 813 2542 2-4
834 2464 936 2538 rufis.

256 2669 260 2674 ,
326 2586 485 2670 Unicum
503 2581 682 2675 seminam
703 2584 816 2689 Hopc
837 2583 943 2688 cepit
966 2583 1067 2662 circa
1089 2587 1231 2690 Netley.

329 2834 364 2904 6.
395 2831 521 2902 Coxis
532 2830 692 2928 posticis
704 2805 1003 2916 subculcorotis,
1022 2825 1218 2906 abdomine
1228 2843 1276 2896 mc

251 2948 317 3027 dio
331 2949 433 3048 ruso.
460 2946 486 3022 l.
514 2990 568 3005 -
592 2943 816 3044 Longitudo
829 2946 965 3026 intera
980 2963 1018 3024 ct
1032 2958 1056 3027 8
1072 2949 1198 3026 lineas.
1220 2943 1277 3020 Ac

251 3085 389 3150 tennoe
401 3067 572 3142 articulis
591 3076 609 3146 1
628 3083 667 3142 et
682 3076 706 3142 Ξ
722 3065 782 3142 vel
797 3065 888 3142 totis
906 3068 1021 3169 nigris
1038 3085 1105 3147 aut
1118 3069 1215 3154 rufis,
1234 3051 1274 3132 tel

251 3189 383 3266 subtus
399 3190 500 3278 rufis,
528 3189 642 3267 3-5
658 3187 759 3273 rufis,
787 3193 898 3268 6-8
914 3188 1040 3278 luscis,
1069 3194 1211 3271 9-14‚
1233 3171 1274 3252 rel

251 3336 383 3386 eorum
397 3307 584 3412 plurimis,
606 3306 701 3382 albis
719 3307 850 3384 subtus
866 3307 981 3384 luscis
996 3324 1060 3384 aut
1075 3295 1273 3408 ferrugineis

249 3430 409 3531 reliquis
424 3429 550 3508 tuscis.
592 3431 697 3507 Aloe
711 3425 1114 3529 subsumatohyaliuae,
1138 3427 1274 3526 stignus

250 3545 291 3624 et'
309 3551 414 3626 radio
435 3549 567 3639 luscis,
595 3548 722 3623 radice
750 3562 913 3624 testacea
940 3564 1006 3624 aut
1031 3549 1169 3636 albida,
1193 3559 1275 3642 squt·

250 3669 354 3746 mula
381 3669 485 3746 lusca
518 3686 584 3746 aut
605 3669 860 3774 rufescente.¹
899 3669 1023 3749 Pedes
1045 3672 1133 3760 rufi,
1165 3649 1273 3770 postici

250 3787 359 3891 apice
387 3789 573 3866 semorum
600 3807 638 3866 et
656 3789 836 3864 tibiarum
862 3789 1089 3890 nigricante;
1114 3785 1274 3892 plerisque

248 3905 362 3982 etiem
385 3909 488 3986 coxis
505 3926 544 3986 et
557 3909 860 3987 trochanteribus
881 3911 1054 3986 omnibus
1073 3907 1198 4010 nigris,
1219 3913 1273 3971 tar·

250 4025 473 4129 sisposticis
488 4029 623 4118 luscis3
649 4031 754 4106 coxis
768 4028 926 4134 posticis
947 4011 1058 4106 deute
1076 4029 1211 4104 minuto
1220 4011 1271 4090 ol·

251 4149 481 4238 tusiusculo,
524 4150 732 4230 interdum.
751 4149 849 4234 lere.
864 4150 1058 4241 obsoleto,
1097 4131 1266 4226 instructis·
