2686 4814
212 325 289 410 386
610 337 880 394 retestabatur«

212 505 407 582 minoreve
430 501 558 603 nigro,
585 503 609 580 5
633 515 673 577 et
694 509 719 579 6
740 503 887 578 macula
911 515 977 578 aut
996 501 1164 606 margine
1183 505 1278 580 late·

213 627 304 715 rali,
346 624 571 731 plerumque
608 621 725 696 etiam
764 621 932 723 margine
967 623 1128 714 dorsali,
1168 625 1276 712 rufis,

214 754 239 824 7
260 759 343 858 toto
364 741 449 817 rulo
469 757 535 817 aut
554 740 673 818 fulvo.

645 959 855 1037 Femina:

290 1099 461 1177 Statura
476 1113 515 1174 ct
528 1099 727 1201 proportio
749 1097 915 1201 partium
934 1097 1098 1175 feminae
1118 1125 1282 1203 sequen-

214 1220 280 1311 tis,
310 1217 374 1295 scd
396 1219 568 1294 antennis
589 1219 827 1320 pedibusque
852 1217 1099 1320 longioribus.

291 1337 512 1440 longitudo
546 1345 570 1414 6
578 1341 701 1438 -77,
735 1339 933 1414 linearum.
990 1343 1120 1442 Caput
1145 1339 1282 1416 orbitis

213 1459 412 1536 oculorum
426 1455 652 1566 frontalibus
667 1457 773 1535 flavis
789 1473 854 1533 aut
868 1459 1062 1548 castaneis,
1085 1460 1278 1536 tenuibus.

213 1584 415 1659 Antennce
432 1575 591 1651 dimidio
611 1603 773 1681 corpore
797 1579 913 1679 paulo
934 1577 1142 1679 longiores,
1171 1581 1281 1680 apice

213 1699 425 1787 involutae,
454 1695 624 1772 articulis
644 1697 1035 1776 10—15-17albis
1058 1698 1190 1771 subtus
1206 1697 1282 1773 sul·

212 1819 281 1895 vis.
311 1819 479 1894 Thorax
495 1816 594 1896 sicut
607 1817 649 1892 in
661 1845 774 1906 mare,
789 1815 1044 1893 metathorace
1059 1832 1142 1892 toto
1159 1819 1280 1921 nigro.

213 1918 429 2014 Scutellum
446 1952 484 2011 et
496 1939 585 2013 ulae
599 1937 698 2012 sicut
716 1937 756 2012 in
769 1962 882 2012 mare.
937 1936 1058 2014 Pedes
1073 1937 1281 2014 anteriores

212 2056 420 2134 femoribus
445 2055 562 2158 apice¹
581 2056 688 2135 lulvo
718 2073 784 2132 aut
810 2058 925 2145 flavo,
953 2055 1057 2132 tibiis
1077 2055 1195 2131 fulvis
1219 2071 1283 2131 aut

212 2177 337 2265 flavis,
364 2175 500 2251 mediis
521 2175 628 2278 apice
649 2176 866 2279 ferrugineo
880 2174 1001 2251 rarius
1017 2176 1142 2278 nigro,
1170 2178 1281 2254 tarsis

213 2297 346 2371 anticis
376 2295 491 2396 fulvis
520 2296 652 2372 mediis
682 2295 923 2396 ferrugineis,
952 2297 1092 2398 postici
1119 2295 1224 2374 sicut
1244 2299 1284 2374 in

212 2442 326 2491 mare.
381 2413 584 2492 Abdomen
610 2416 812 2518 segmentis
833 2425 858 2492 2
880 2429 919 2490 et
941 2425 965 2494 5
995 2415 1058 2491 vel
1086 2416 1283 2494 rusollavis

212 2534 275 2608 vel
291 2531 397 2608 flavis
411 2535 617 2636 marginem
631 2561 759 2611 versus
776 2536 877 2622 rufis,
892 2535 1060 2636 margine
1074 2535 1159 2638 ipso
1173 2537 1284 2612 fusco

213 2668 279 2728 aut
299 2652 424 2752 nigrot
454 2661 531 2730 oet
544 2663 568 2732 7
582 2653 645 2730 vel
663 2653 755 2729 totis
781 2654 1076 2730 stramineorulis
1097 2655 1160 2732 vel
1183 2683 1285 2734 mar-

213 2772 300 2876 gine
323 2771 419 2848 rus.

231 2977 232 2986 ἵ
290 2891 415 2968 Mares
437 2892 530 2968 duos
546 2919 568 2968 e
585 2893 791 2972 Corinthia
806 2893 919 2970 Dobl
933 2894 1156 2986 transmisit,
1185 2895 1285 2972 duos

212 3014 306 3090 alios
329 3013 406 3088 vidi
437 3012 476 3088 in
502 3040 634 3090 museo
655 3015 790 3114 Klugii
810 3014 993 3088 Berolini.
1020 3056 1074 3071 —
1099 3015 1286 3093 Feminae

213 3149 306 3224 tres,
330 3115 456 3238 prope
484 3131 723 3234 Hirscbberg
752 3135 793 3212 V
792 3130 1022 3234 indoboncm
1044 3148 1083 3210 et
1106 3133 1286 3216 Genuam

213 3271 364 3358 captae,
390 3279 539 3330 mecum
560 3253 979 3330 communicatae'sunt

601 3475 892 3550 Varietates:

292 3620 335 3718 1,
362 3613 535 3702 Femina3
561 3619 807 3714 segmenti52
829 3627 866 3688 et
888 3607 1078 3706 ostonis,
1105 3621 1284 3712 margine

213 3733 326 3834 ruso,
352 3735 487 3836 bruso
518 3732 602 3809 bosi
629 3742 764 3833 nigro,
790 3729 1033 3834 sequentibus
1054 3739 1149 3808 totis
1168 3729 1281 3828 rufis.

209 3895 262 3909 -
289 3853 446 3929 Caetera
468 3853 566 3927 sicut
589 3853 627 3927 in
647 3852 785 3930 femina
805 3851 980 3952 genuina.

227 4026 230 4035 -
274 3973 436 4048 Unicum
451 3971 688 4050 individuum
700 3974 888 4074 gallicum
902 3973 1144 4072 Brongniurt
1160 3983 1282 4046 uant-

209 4106 326 4168 misti.
