2686 4814
260 363 336 434 872
661 375 936 427 renueuuuu

259 541 370 621 Ichu.
393 537 632 618 bidentorius
647 541 773 629 Rossi,
801 569 836 618 n.
856 544 951 631 751;
977 533 1173 616 habi'tatin
1191 537 1302 615 hortis.

260 663 370 738 Ichn.
394 667 633 760 signatorius
654 659 802 735 Olirier
823 687 861 765 p.
884 669 981 752 216,
1009 689 1045 735 n.
1066 663 1128 739 52.

260 781 368 859 ΙοΙιη.
390 780 767 857 notatariusVillers
783 807 819 882 p.
840 783 924 870 159,
948 776 983 854 u'.
1000 788 1068 868 753
1094 805 1210 885 prope
1224 779 1307 880 Lug·

471 898 634 988 dunum3
668 898 709 975 in
729 900 897 978 Bressiae
920 899 1049 1002 sylvia.

514 1121 654 1198 Notat
714 1195 717 1202 .

334 1257 501 1334 Schrank
523 1257 563 1332 in
582 1259 709 1333 Fauna
722 1258 853 1348 Boica,
879 1259 908 1335 l.
924 1285 957 1335 c.
975 1259 1106 1336 laudat
1120 1249 1303 1334 Schaefferi

250 1375 364 1455 'leon
387 1378 463 1456 tab.
482 1382 533 1457 52
557 1380 618 1480 fig.
640 1382 676 1469 5,
704 1379 766 1456 cui
781 1395 928 1456 tantum
947 1379 1089 1455 femora
1104 1379 1217 1480 magis
1231 1376 1307 1449 flava

260 1516 348 1576 sunt
370 1527 483 1602 quam
505 1515 649 1575 nostro,
703 1501 846 1577 Forsan
870 1501 984 1578 etiam
1003 1497 1206 1576 Schaefferi
1220 1499 1304 1569 leun.

258 1621 335 1695 tab.
355 1629 432 1698 283
446 1621 507 1720 fig.
524 1618 636 1697 5hua
649 1619 783 1696 referri
799 1637 939 1724 posset,
967 1621 1032 1698 cui
1048 1635 1175 1696 autem
1190 1627 1308 1721 puncta

257 1741 355 1816 flava
399 1740 447 1815 ad
484 1738 650 1815 radicem
692 1739 836 1816 alarum
875 1743 1023 1817 desunt.
1083 1744 1223 1816 Panzer
1255 1728 1308 1831 (ad

260 1858 444 1959 Schaeff.)
476 1858 542 1933 has
565 1859 695 1936 icones
723 1861 769 1935 ad
790 1860 897 1938 Ichu.
922 1855 1177 1939 biden'torium
1207 1849 1307 1956 (haud

258 1980 504 2069 Bossianum,
533 1980 599 2054 sed
615 1988 805 2080 nostrum)
819 1975 993 2070 adhibet,
1022 1980 1088 2082 qui
1106 1996 1226 2056 autern
1240 1998 1308 2072 seg-

257 2100 394 2176 mentis
418 2103 533 2178 4-7
554 2099 648 2174 totis
663 2099 779 2201 nigris
800 2101 939 2178 differt..
997 2101 1202 2197 Quaeritur
1215 2117 1304 2178 nunc,

258 2249 305 2297 an
327 2219 441 2296 lineis
461 2219 774 2295 transversalibus
789 2221 906 2310 albis,
935 2221 975 2294 in
997 2221 1205 2296 abdominis
1218 2228 1308 2320 parta

258 2340 398 2444 apicali
427 2339 580 2415 iconum
607 2341 852 2441 allegaturum
882 2341 1106 2432 Schaefferi,
1145 2337 1306 2438 margines

259 2459 422 2537 colorati
447 2475 727 2561 segmentorunr
749 2459 985 2550 ultimorum,
1021 2487 1068 2536 an
1099 2461 1154 2538 nil
1172 2458 1236 2534 nisi
1261 2453 1306 2526 in·

259 2581 406 2655 uisurae
419 2595 699 2681 segmentorum
713 2578 768 2654 eis
785 2578 971 2657 indicatae
992 2580 1079 2670 sint,
1110 2579 1209 2686 quod
1225 2569 1305 2650 haud

257 2697 468 2799 dijudicare
481 2724 647 2802 possum.
702 2700 748 2772 In
762 2700 914 2777 Faunae
930 2703 1003 2775 Ins.
1022 2701 1154 2776 Germ.
1170 2700 1252 2772 fasc.
1267 2697 1305 2768 80

257 2818 334 2895 tab.
358 2829 406 2899 12
427 2822 571 2894 Panzer
592 2819 680 2895 illas
696 2817 901 2896 Schaefferi
922 2819 1051 2896 icones
1072 2822 1120 2896 ad
1133 2819 1304 2896 reanum.

258 2947 510 3040 nugatorium
538 2939 668 3028 Faba,
710 2938 750 3014 in
777 2937 978 3016 Revisione
1004 2965 1089 3043 pag.
1124 2942 1174 3018 65
1200 2949 1305 3011 auten

258 3058 378 3133 solam
393 3059 455 3161 fig.
470 3063 495 3136 5
511 3059 585 3132 tab.
603 3069 679 3138 233
696 3059 742 3133 ad
756 3067 1003 3160 nugatorium
1016 3060 1162 3148 retulit,
1171 3060 1202 3130 Τ
1203 3064 1306 3130 rente·

257 3178 353 3279 pohl
370 3204 535 3281 quoque,
563 3177 604 3252 in
618 3179 718 3254 Iside
736 3188 846 3270 1826,
874 3205 957 3285 pag.
973 3189 1034 3269 78,
1063 3207 1101 3256 n.
1118 3189 1179 3267 28,
1197 3176 1305 3250 icones

257 3297 427 3373 laudatas
447 3296 652 3373 Sehaefferi
673 3299 720 3372 ad
741 3299 849 3377 Ichn.
872 3308 1122 3402 nugatorium
1142 3285 1307 3374 adhibuit,

258 3441 345 3492 cum
380 3443 457 3518 quo
491 3418 606 3493 etiam
639 3418 776 3494 melius
818 3445 1028 3523 congruere
1059 3420 1240 3496 videntur.
1263 3441 1306 3464 -·

258 3535 437 3611 Fuesslin
462 3537 523 3637 (in
537 3542 649 3615 Verz.
671 3538 706 3613 d.
723 3536 907 3616 Schweiz.
927 3544 1001 3617 Ina.
1021 3567 1059 3644 p.
1082 3545 1149 3628 49,
1177 3565 1211 3610 n.
1226 3525 1305 3620 911)

256 3653 389 3730 citavit
411 3655 616 3734 Schaefferi
636 3661 739 3735 Ieon.
764 3660 839 3736 tab.
864 3663 915 3741 52
936 3663 997 3762 fig.
1016 3663 1040 3738 5
1062 3658 1109 3732 ad
1128 3655 1305 3735 lenaeum.

257 3770 465 3851 hicinctum
481 3777 546 3878 qui
563 3793 706 3870 autem,
736 3782 942 3858 seeundum
962 3780 1196 3882 diagnosem,
1221 3760 1304 3844 haud

256 3891 303 3966 ad
325 3893 433 3968 illam
456 3897 623 3997 quadrat.

333 4011 539 4091 Schaefferi
565 4017 668 4093 leon.
690 4018 766 4094 tab.
793 4031 867 4101 183
888 4021 948 4122 fig.
972 4027 1015 4112 7,
1049 4043 1162 4122 quam
1181 4015 1305 4088 Panzer

257 4130 324 4228 (ad
351 4131 531 4232 Schaeff.)
561 4159 630 4234 pro
659 4139 769 4216 lehn.
796 4137 1015 4222 bideutorio
1033 4137 1164 4226 hahet,
1190 4127 1303 4206 differt
