2658 4806
215 329 290 402 too
559 380 565 396 .
608 339 881 396 rcuueussou

213 508 338 600 olrico,
359 504 705 610 spluribsis'etians
729 508 855 584 nitore
876 502 1093 585 subsericas
1113 507 1293 588 abdomi-

214 631 290 721 nis,
316 627 517 717 differunt,
544 626 592 701 ab
605 626 715 706 chn.
736 631 878 706 clerico
900 625 1108 706 femoribus
1127 631 1293 733 posticis

213 749 460 828 crassioribus
480 748 574 824 totis
588 748 692 824 rufis.
746 749 852 825 Inter
872 772 913 822 se
926 762 1053 825 autem
1067 773 1199 827 omnes
1213 750 1291 831 hae

212 871 430 958 varietates,
456 868 630 946 antennis
651 867 927 969 abdomineque
949 892 1037 943 mox
1058 871 1175 970 paulo
1201 871 1294 948 lon·

212 990 381 1094 gioribus
401 1018 490 1068 nrox
509 991 625 1093 paulo
645 988 901 1076 brevioribus,
936 1013 1006 1063 uec
1034 1013 1111 1080 uon
1136 989 1291 1094 pictura

213 1126 254 1189 et
273 1112 403 1188 colore
424 1127 670 1186 antennarum
694 1107 831 1209 capitis
851 1105 1018 1183 thoracis
1050 1124 1090 1184 et
1117 1110 1287 1202 scutelli‚

213 1232 351 1308 sensim
380 1258 453 1306 una
481 1232 521 1307 in
553 1232 710 1306 alteram
743 1243 959 1322 transeunt,
1000 1255 1070 1306 nec
1096 1228 1287 1306 limitibus

215 1350 414 1428 stabilibus
436 1350 583 1453 sejungi
605 1363 761 1454 queunt.

291 1473 377 1546 Non
396 1471 548 1561 dubito,
575 1496 653 1559 me,
680 1485 785 1544 tauta
807 1470 967 1547 niarium
983 1470 1094 1574 copia
1109 1471 1284 1562 collecta,

213 1591 374 1672 seminas
395 1617 547 1694 quoque
567 1587 732 1693 cepisse,
760 1592 934 1693 suspicor
952 1607 1099 1682 autem,
1124 1589 1286 1667 seminas

213 1740 237 1791 a
270 1713 436 1789 maribus
468 1709 617 1813 pictura
643 1708 777 1786 aliisue
806 1709 1287 1789 characteribus-externis

213 1834 308 1911 adeo
340 1833 494 1909 differre
527 1845 569 1906 ut
608 1855 671 1906 eas
708 1831 874 1906 nondum
909 1859 1042 1909 eruere
1074 1831 1284 1935 potuerim.

213 1955 356 2030 Forsan
382 1978 472 2030 vero
500 1952 614 2030 etiam
639 1948 745 2026 chn.
775 1951 981 2029 fabricator
1002 1933 1091 2055 ipse
1122 1952 1179 2028 nil
1208 1952 1284 2030 nisi

212 2076 412 2156 varietates
433 2072 592 2149 marium
611 2071 753 2175 speciei
774 2071 987 2175 cujuspiam
1001 2073 1099 2149 alius
1112 2072 1284 2154 exbibet.

505 2403 558 2468 4⁷·
602 2395 628 2460 1.
651 2369 905 2466 urssururs'.
948 2421 984 2466 n.

417 2550 645 2615 Antennsrum
658 2545 782 2612 annulo
804 2546 900 2632 alb03
923 2549 1104 2618 semoribus
1123 2549 1284 2640 tibiisque

414 2648 512 2730 ruiis,
541 2649 680 2738 posticis
703 2652 795 2738 apice
817 2649 942 2737 nigris.¹
970 2674 1014 2716 m.
1035 2650 1059 2718 l.
1090 2657 1181 2736 (mas
1198 2653 1284 2722 lacis

414 2763 449 2816 et
460 2750 592 2817 seutelli
612 2753 704 2840 apice
717 2750 818 2832 albis3
841 2752 965 2816 semina
977 2753 1095 2818 orbitis
1108 2751 1285 2822 oculorum

415 2852 554 2920 internis
571 2866 606 2922 et
626 2849 758 2920 scutelli
779 2853 871 2942 apice
888 2851 1164 2942 rufescentibus).

287 3025 457 3105 Statura
480 3043 519 3105 et
541 3027 792 3131 proportione
814 3026 978 3129 partium
1003 3053 1087 3104 mus
1105 3029 1284 3130 congruit

212 3173 299 3228 curn
333 3147 497 3225 maribus
531 3146 795 3249 gracilioribus
831 3147 973 3249 speciei
1007 3147 1283 3251 praecedentis,

200 3268 358 3369 semino
391 3293 475 3343 curn
504 3268 771 3347 Ichneumonis
790 3269 1049 3346 stimulatoris
1076 3268 1230 3344 femina.

216 3448 229 3494 ,ι
287 3387 511 3488 Longitudo
524 3389 668 3483 8-37,
688 3388 886 3480 linearum.
933 3391 1063 3492 Caput
1078 3396 1199 3466 moris
1214 3413 1282 3466 ore

213 3521 253 3582 et
280 3506 376 3583 lacie
404 3505 516 3593 albis,
540 3508 717 3607 feminae
746 3507 881 3583 orbitis
901 3509 1099 3584 oculorum
1121 3508 1281 3587 internis

212 3627 304 3700 rufis
333 3641 398 3700 aut
427 3624 624 3700 exalbidis.
692 3628 898 3705 Antannoe
927 3635 1047 3705 muris
1069 3645 1280 3732 porrectae,

212 3745 375 3824 articulo
395 3744 519 3848 primo
540 3747 671 3822 subtus
686 3746 912 3837 rarescente,
941 3749 1111 3824 articulis
1129 3755 1283 3830 1s-17

210 3866 309 3945 albis
338 3867 470 3944 subtus
502 3893 589 3940 cum
616 3868 820 3942 straminao
847 3867 993 3958 mixtis,
1033 3867 1280 3970 sequentibus

209 3988 345 4080 subtus
366 3986 607 4088 ferrugineis;
629 3989 809 4090 feminae
826 4003 1018 4079 curvatae,
1046 3989 1215 4067 articulis
1230 3997 1280 4066 10

207 4116 438 4208 -12-18
457 4107 566 4186 albis.
620 4109 791 4188 Thorax
811 4117 932 4193 moris
948 4109 1097 4192 lineola
1114 4106 1282 4190 albnob-
