2686 4814
249 353 325 432 ast
470 367 473 374 ·
604 368 972 421 urcnnaunon

249 540 315 629 cis,
335 534 462 614 areola
478 532 818 637 quinqueangulari
832 549 900 610 aut
915 533 1205 639 subtriaugulari.
1230 531 1287 607 Pe·

249 661 317 742 des
337 656 557 742 mediocres,
584 657 667 745 rufi,
695 655 798 730 coxis
813 671 852 732 et
866 655 1163 739 troohanterihus
1178 652 1286 753 nigris,

248 778 385 854 horum
404 774 563 879 posticis
591 791 755 852 attamen
782 775 844 852 vel
866 775 975 877 apice
1002 776 1066 857 vel
1092 775 1175 852 totis
1200 773 1287 858 rufis,

181 969 183 974 .
248 897 438 976 interdum
453 895 834 974 etiam'anterioribus
848 897 956 999 apice
972 897 1074 974 ruiis.
1109 893 1287 977 Attamen

248 1017 427 1120 gracilius
457 1044 568 1120 quam
594 1016 634 1090 in
661 1016 856 1091 nonnullis
878 1014 1079 1118 speciebus
1100 1012 1286 1100 confinibus

248 1139 379 1240 (John.
407 1138 611 1240 deceptore
636 1138 749 1235 otu),
784 1137 914 1237 cupite.
940 1127 1167 1239 thoraceque
1189 1129 1285 1236 paulo

244 1259 397 1360 longius
429 1272 468 1332 et
490 1255 701 1357 angustius,
743 1255 862 1330 rarius
894 1254 1063 1332 thoracis
1092 1253 1283 1334 latitudine;

246 1375 449 1480 segmentis
473 1386 572 1456 1-8
591 1376 692 1463 rufis,
721 1373 949 1452 4iuterdum
965 1377 1079 1452 dorso
1098 1373 1281 1450 rufescente

245 1514 310 1574 aut
332 1495 462 1585 badio,
492 1502 517 1573 6
541 1493 729 1570 interdum
751 1495 920 1596 margine
934 1521 1089 1572 ¹summo
1112 1492 1279 1578 attinnt

244 1618 358 1694 dorso
376 1614 476 1692 albo.
529 1616 702 1695 Anuieus
718 1613 850 1692 -hre'vis
871 1631 1044 1695 exsertus
1065 1616 1178 1718 niger.

319 1735 498 1812 Feminae
523 1733 725 1835 quaedam,
760 1732 801 1810 in
828 1735 970 1812 Silesin
998 1749 1039 1816 et
1065 1760 1182 1838 prope
1204 1731 1287 1808 Tm·

239 1858 386 1959 jactum
412 1855 467 1934 ed
481 1855 665 1934 Moenum
687 1868 830 1952 captae,
844 1883 1000 1961 ‚mecum
1014 1851 1289 1936 communicatae

244 1992 348 2065 suut;
384 2000 495 2052 unam
515 1972 598 2082 ipse
616 1972 701 2072 cepi
720 1974 787 2051 die
806 1985 859 2054 20
879 1977 973 2077 Maji
1002 1978 1043 2054 iu
1066 1979 1178 2054 hotto
1198 1970 1288 2048 bolo·

243 2104 329 2172 nico
361 2099 607 2195 gottingensi.
635 2134 689 2148 -
723 2094 905 2172 Hurtlieb
943 2125 1055 2172 unam
1087 2090 1288 2176 ednnvite

243 2216 344 2290 larva
367 2217 547 2292 Noctuue
568 2210 752 2314 Typhoe,
777 2240 905 2292 mense
924 2221 1107 2320 Augusto.

519 2432 782 2532 Synonyma
809 2437 1026 2536 genuina:

240 2569 351 2645 Iolen.
381 2575 613 2645 moratorius
633 2569 824 2645 Gravenh.
851 2573 1025 2664 Uebers.,
1055 2604 1092 2650 n.
1116 2575 1222 2651 3777.

547 2807 806 2906 Syno'nymn
840 2807 999 2884 dubia:

237 2943 343 3021 John.
370 2951 602 3019 mutatorias
622 2943 653 3015 F
656 2941 732 3017 abr.
757 2946 852 3046 Syst.
876 2971 912 3046 p.
938 2955 1030 3033 329,
1060 2973 1096 3020 n.
1125 2951 1181 3023 14.
1250 2960 1254 2971 “

286 3121 308 3154 ,,
364 3063 490 3140 Gmel.
514 3064 572 3140 ed.
595 3061 704 3136 Linn.
733 3088 769 3164 p.
793 3071 912 3155 2677,
947 3093 983 3139 n.
1010 3073 1074 3144 85.

287 3240 309 3272 ,,
365 3181 503 3257 Christ.
528 3211 565 3284 p.
590 3189 679 3262 349.

283 3358 305 3398 ,,
362 3303 602 3380 Cederhielm
621 3326 658 3404 p.
685 3303 775 3391 156,
803 3330 839 3376 n.
864 3307 958 3394 480,
985 3301 1026 3378 in
1046 3301 1182 3378 hortis.

284 3475 306 3508 „
361 3424 671 3523 Walckenaer'p.
695 3426 766 3510 52,
795 3451 831 3496 n.
858 3429 917 3500 14.

442 3546 627 3617 Auctores
641 3541 783 3616 laudati
802 3543 856 3616 nil
876 3544 1010 3620 dicunt
1025 3569 1096 3620 nec
1109 3543 1158 3617 de
1173 3539 1292 3614 colora

445 3661 601 3760 pedum,
625 3686 695 3735 nec
709 3660 756 3735 de
770 3661 900 3738 colore
921 3663 1143 3764 ferrugineo
1163 3657 1291 3734 articu-

441 3779 565 3854 lorum
583 3789 682 3858 1--7
696 3797 959 3872 antennarum,
988 3799 1027 3858 at
1041 3781 1173 3858 forsan
1187 3776 1290 3855 etiam

441 3897 550 3972 Ichn.
574 3897 814 4002 deceptorem
829 3919 895 3978 aut
906 3900 1159 3979 resultatum
1173 3911 1290 3970 eoram

438 4013 663 4094 habuerunt.
733 4021 830 4096 Cum
853 4035 981 4100 autem
1001 4017 1218 4104 Fabriuiut,
1255 4008 1290 4086 in

438 4136 650 4235 systemate
665 4138 814 4217 Pierat.
838 4167 876 4246 p.
899 4151 968 4234 71,
998 4167 1036 4220 n.
1057 4145 1104 4230 4,
1133 4145 1291 4215 motat&
