2698 4802
277 341 328 412 66
697 352 737 402 u.
768 351 917 402 curor.

276 520 475 597 tricolores
495 532 598 608 sunt,
626 541 817 618 nunquam
843 514 916 590 toti
942 516 1056 616 nigri,
1085 541 1172 590 cum
1195 513 1318 590 leniora

277 641 399 716 antica
413 663 563 738 semper
576 637 707 710 subtus
725 636 924 738 pallidiora
939 635 1025 710 sint.
1070 637 1195 736 Caput
1206 633 1318 707 unico-

275 763 336 836 lor
350 773 415 832 aut
428 757 593 845 bicolor,
623 782 733 856 saepe
752 755 849 830 iacie
863 756 949 855 plus
964 756 1088 830 miuus
1106 755 1215 828 albo·
1222 753 1315 854 picta,

274 882 394 956 rarius
421 878 597 956 tricolort
632 875 803 950 antennis
839 900 950 976 saepe
975 875 1118 948 annulo
1145 874 1220 946 lato
1244 869 1314 944 albo

348 1596 477 1696 Caput
505 1589 709 1664 discretum
736 1591 971 1693 prominens,
999 1590 1126 1668 antice
1146 1582 1305 1664 orbicula-

267 1727 349 1790 tum
366 1729 430 1788 aut
445 1710 684 1800 subovatum,
713 1737 875 1813 superne
897 1727 1168 1798 transversum,
1194 1701 1305 1810 pleris-

268 1862 343 1935 que
364 1836 505 1909 collum
524 1856 652 1905 versus
676 1831 791 1932 paulo
819 1846 1077 1930 angustatum,
1105 1829 1218 1906 rarius
1236 1820 1305 1898 sub·

267 1955 466 2054 globosum
488 1967 553 2025 aut
573 1950 820 2027 subcubicum
839 1951 987 2049 angulis
1001 1952 1164 2039 obtusis,
1189 1972 1218 2021 e.
1231 1968 1260 2044 g.
1273 1937 1302 2012 in

268 2074 442 2153 Xoridist
470 2071 625 2147 thorace
648 2070 760 2145 tertia
782 2070 844 2146 vel
872 2085 1003 2172 quarta
1031 2086 1140 2171 parte
1165 2061 1300 2142 brevius,

265 2191 348 2292 ejus
369 2208 493 2266 autem
513 2191 716 2266 latitudine
736 2215 802 2263 seu
814 2189 1013 2288 paululum
1032 2186 1233 2290 angustius,
1256 2201 1300 2250 rt·

264 2313 342 2385 rius
376 2311 502 2386 latius.
570 2315 614 2384 Iu
648 2307 773 2410 capite
807 2307 1110 2409 distinguuntur:
1150 2305 1298 2398 occiput,

263 2430 369 2529 regio
382 2430 540 2529 postica,
567 2427 759 2501 thoracem
777 2454 903 2503 versus
918 2429 1078 2518 declive,
1105 2416 1297 2530 ptusminus

263 2549 535 2650 emarginatum
563 2570 633 2646 pro
660 2546 915 2646 adplicatione
936 2550 983 2621 ad
1010 2548 1214 2624 thoracemt
1237 2553 1297 2608 ver-

264 2685 347 2756 tex,
369 2667 472 2768 regio
488 2691 661 2767 superna,
689 2665 788 2742 inter
801 2667 957 2767 occiput
971 2684 1011 2743 et
1025 2676 1213 2744 stemmata
1226 2652 1295 2728 sito?

251 2791 392 2890 frons,
419 2789 519 2862 inter
544 2801 739 2862 stemmata
765 2801 805 2860 et
830 2803 1027 2878 antennas,
1055 2790 1295 2877 nonnunqutm

261 2934 380 2984 cornu
408 2906 514 2981 brevi
542 2922 686 2994 erecto,
722 2906 910 2983 rarissime
943 2910 1132 2984 cornubus
1162 2893 1293 2976 dnobus,

259 3043 416 3106 armatas
433 3027 568 3128 socies
581 3053 647 3100 seu
661 3026 914 3129 hypostoma,
940 3028 1045 3129 regio
1060 3026 1191 3110 antica,
1215 3015 1294 3089 iuter

256 3164 436 3222 antennas
459 3162 498 3221 et
517 3171 558 3218 os
584 3145 672 3234 sita,
701 3149 830 3248 plana,
860 3147 1052 3224 nonnullis
1075 3146 1291 3224 subconcavt·

257 3293 288 3340 e.
317 3293 362 3364 g..
382 3265 581 3367 Metopiis,
609 3264 694 3341 aliis
721 3269 974 3358 tuberculum,
1004 3295 1037 3343 e.
1067 3295 1102 3369 g.
1136 3245 1291 3338 Exochis

255 3399 450 3486 tempora,
476 3385 648 3484 regiones
664 3387 848 3474 laterales,
877 3412 1039 3486 superne
1053 3409 1152 3490 poue
1166 3370 1290 3453 oculos

251 3527 392 3602 genoe,
430 3501 603 3602 regiones
637 3502 830 3596 laterales,
873 3506 1019 3582 inferne
1051 3528 1150 3608 pone
1182 3487 1290 3568 oculos

253 3623 359 3699 sitae.
416 3624 539 3723 Caput
553 3621 777 3697 instructum
794 3640 851 3699 est
872 3629 1015 3716 oculis,
1039 3604 1290 3704 sternnuttbuo

251 3749 429 3819 antennis
450 3759 489 3818 et
510 3750 773 3820 instrumentis
793 3744 960 3822 ciboriis.

327 3865 444 3940 Oculi
463 3863 656 3952 laterales,
686 3865 771 3963 plus
793 3866 914 3942 minus
936 3860 1157 3967 prominuli,
1183 3840 1287 3926 0t⁸l⁰⁸

248 3996 314 4058 aut
342 3981 633 4062 suburbicutui;
661 3983 849 4058 interdum
879 3985 1184 4062 subrenilormes,
1208 3977 1288 4040 mar·

245 4101 334 4206 gine
347 4103 495 4182 scilicet
509 4101 701 4190 interiore,
728 4100 835 4202 juxta
850 4121 1042 4199 antennas,
1069 4090 1285 4196 emargisstwr
