2698 4802
236 319 287 390 98
615 327 753 377 narro
780 325 923 410 VJTAE.

238 498 352 578 vidua
366 495 451 574 viva
465 491 822 582 Ichneumonidum,
851 491 891 565 in
913 505 1012 567 statu
1029 517 1159 569 eorum
1181 496 1307 575 libero

241 619 423 708 naturali,
450 614 627 703 viderim,
661 628 700 688 et
728 639 798 715 per
822 609 979 711 triginta
1010 636 1126 690 anuos
1152 643 1306 695 omnem

239 766 393 845 operam
419 735 585 811 dederim
613 748 655 808 ut
679 732 857 834 copulam
883 729 1063 809 viderem.
1117 737 1305 816 Nonnulli

238 859 586 960 entomologorum,
615 853 752 954 quibus
781 851 934 926 notitias
958 853 1095 927 multas
1123 858 1304 958 egregias,

238 983 279 1058 in
298 980 440 1056 litteris
463 1003 612 1051 mecum
639 972 953 1062 communicatas,
982 973 1120 1065 debeo,
1146 977 1306 1057 tradunt

236 1102 409 1206 quidem,
438 1125 478 1174 se
493 1096 768 1172 Ichneumoues
782 1091 822 1165 in
836 1094 973 1196 copula
989 1094 1224 1187 observasse,
1252 1099 1302 1177 de

235 1225 348 1299 modo
367 1236 407 1296 et
420 1217 566 1294 ratione
587 1214 749 1316 copulae
770 1228 895 1288 autem
917 1229 1056 1318 tacent.
1111 1217 1297 1322 Geoffroy

235 1344 303 1443 (in
317 1339 430 1418 Tomi
445 1340 493 1428 ΙΙ,
512 1363 550 1440 p.
568 1337 663 1436 361)
686 1347 820 1423 assert,
850 1359 889 1408 se
904 1332 1197 1412 Ichneumonem
1218 1342 1299 1415 ala-

233 1477 315 1539 tum
332 1459 542 1536 masculum
562 1482 650 1530 cum
671 1453 809 1528 femina
826 1467 954 1555 aptera
971 1456 1107 1557 copula
1122 1457 1295 1557 junctum

233 1583 390 1670 vidisse;
417 1607 503 1655 cum
523 1599 614 1654 vero
636 1574 735 1648 idem
757 1588 890 1648 auctor
912 1574 973 1672 (in
992 1575 1102 1650 Tomi
1120 1581 1147 1666 l,
1169 1604 1206 1680 p.
1223 1583 1297 1682 62)

231 1700 453 1789 contendat,
492 1723 532 1772 se
564 1692 714 1796 saepius
746 1691 941 1766 individua
975 1694 1162 1795 Platyceri
1196 1698 1298 1776 lusci

232 1820 357 1923 capite
370 1818 469 1896 laevi
486 1813 572 1917 (qui
584 1839 686 1888 mera
701 1811 839 1887 femina
856 1814 997 1887 Lucani
1014 1815 1115 1891 cervi
1137 1819 1214 1917 est)
1238 1820 1299 1896 in·

228 1957 289 2017 ter
303 1967 358 2032 se,
387 1961 579 2038 nunquam
594 1947 820 2008 autemeam
836 1935 1033 2034 Platycero
1045 1933 1153 2010 fusco
1166 1939 1299 2041 capite

229 2060 418 2138 cornubus
447 2054 595 2131 duobus
621 2052 779 2130 bifurcis
803 2068 946 2128 armato
974 2053 1060 2155 (qui
1078 2071 1220 2149 tamen,
1251 2078 1298 2136 ut

227 2207 356 2258 omnes
386 2179 544 2267 scimus,
580 2199 689 2250 verus
715 2199 792 2246 mas
822 2172 983 2249 laminae
1010 2173 1115 2250 illius
1144 2180 1222 2278 est)
1253 2179 1297 2257 in

227 2301 364 2404 'copula
393 2297 630 2382 observasse,
664 2316 774 2367 nemo
798 2319 859 2368 me
885 2291 1152 2394 reprehendet,
1187 2302 1296 2399 quod

227 2421 297 2494 ista
313 2417 447 2493 notitia
461 2411 705 2492 Geoffroiana
726 2411 819 2485 mibi
836 2429 1008 2515 suspecta
1023 2415 1088 2506 sit,
1116 2443 1202 2491 cum
1217 2445 1296 2522 ego

227 2539 307 2641 ipse
333 2536 433 2613 inter
458 2529 711 2609 Pezomachos
747 2533 931 2634 (Cryptos
959 2540 1128 2639 apteras)
1157 2539 1294 2639 plures

226 2657 371 2760 species
397 2655 436 2730 in
464 2668 629 2755 utroque
655 2678 746 2728 sexu
774 2652 944 2732 viderim.
1006 2659 1207 2733 Caeterum
1242 2661 1295 2738 de

225 2776 371 2852 ratione
385 2774 491 2850 illius
506 2774 668 2875 copulae
683 2773 856 2849 Geoffroi
874 2775 928 2850 nil
940 2777 1084 2853 retulit.
1134 2780 1295 2881 Degeer

223 2913 366 2987 autem,
394 2895 455 2995 (in
473 2907 635 2969 tractatu
648 2894 722 2969 XV
741 2895 858 2995 partis
872 2895 910 2968 II
927 2896 1038 2970 Tomi
1054 2899 1111 2995 ΙΙ)
1132 2923 1294 2974 accura-

221 3019 297 3094 tius
321 3017 499 3121 copulam
513 3012 701 3117 Ophiouis
721 3013 816 3088 lutei
837 3015 1055 3118 descripsit:
1083 3019 1181 3106 Mas,
1211 3017 1292 3096 hoc

222 3137 376 3242 negotio
390 3137 500 3214 valde
515 3136 749 3237 impetuosus
765 3148 805 3208 et
816 3133 959 3225 ardens,
988 3137 1140 3213 dorsum
1155 3165 1293 3216 ascen-

220 3259 334 3334 debat
354 3257 517 3332 leminae
538 3253 744 3328 immobilis
768 3279 990 3357 semperque
1006 3258 1135 3361 quiete
1152 3261 1291 3337 seden-

218 3377 288 3465 tis,
315 3376 452 3450 deinde
466 3374 652 3447 abdomen
671 3372 849 3447 curvabat
868 3378 936 3452 sub
951 3378 1098 3480 apicem
1113 3379 1291 3456 abdomi-

219 3495 277 3570 nis
297 3494 476 3581 feminae,
504 3491 669 3592 dumque
697 3490 793 3565 illud
820 3498 1040 3576 convulsive
1060 3500 1290 3578 movebatur

218 3615 375 3715 alaeque
384 3612 605 3702 tremebant,
614 3636 749 3713 penem
763 3611 990 3691 immittebat
1003 3622 1073 3694 sub
1086 3639 1287 3722 segmento

218 3750 336 3809 sexto.
390 3738 479 3809 Post
510 3733 708 3808 decursum
742 3735 860 3834 partis
893 3737 1137 3817 duodecimae
1162 3741 1284 3817 horae

215 3855 353 3957 copula
369 3854 593 3930 solvebatur.

573 4063 909 4093 u*
