2666 4812
273 319 348 392 628
619 379 623 388 .
670 336 939 390 ιοιιιιιιυιιοιι

274 500 457 602 segmenti
479 497 592 601 primi
618 515 745 576 autem
763 501 920 579 minutis
948 503 1139 580 intentum
1164 501 1235 578 iere
1251 497 1301 574 ob·

272 621 422 700 soletius
451 624 565 696 4-7
586 622 754 723 margine
781 622 921 698 dorsnli
943 623 1081 700 albido.

349 742 473 814 Unum
496 740 734 816 individuum
755 742 840 841 cepi
862 767 982 848 prope
1004 741 1244 842 Gottingom‚
1263 737 1301 812 al·

272 875 394 935 terum
414 858 518 932 misit
536 886 561 934 α
581 860 718 938 Steven
740 888 760 936 e
783 865 933 938 Tauria
957 859 1073 962 idque
1093 859 1227 966 majus,
1249 873 1302 934 sta·

271 994 355 1054 tura
376 979 493 1079 paulo
513 979 713 1070 crassiore,
741 981 881 1083 clypeo
901 979 1143 1083 bipunctato,
1177 981 1303 1056 thoraca

271 1097 388 1198 magis
406 1097 525 1200 nigro,
552 1097 660 1173 tibiis
681 1099 869 1201 tersisque
887 1099 1139 1178 anterioribus
1159 1097 1302 1180 testaceis

269 1219 373 1294 totis.

473 1541 477 1552 ·
550 1419 553 1428 i
657 1439 941 1543 Synonymes

267 1575 379 1657 Ichn.
401 1573 634 1658 nobilitator
654 1576 846 1656 Gravcnh.
867 1575 1039 1672 Uchers,
1066 1605 1104 1656 ιι.
1127 1588 1237 1664 3727.

516 1801 657 1876 Nota:

341 1939 459 2012 Antea
484 1934 582 2010 hanc
612 1934 779 2037 speciem
800 1961 887 2010 cnm
914 1953 1097 2041 sequente
1116 1936 1303 2041 junxerim,

264 2085 350 2134 cum
372 2072 499 2132 autem
518 2056 644 2130 ambas
667 2083 858 2158 nunquam
880 2059 1014 2134 eodem
1041 2059 1133 2135 loco
1153 2059 1301 2164 ceperim,

264 2208 333 2257 nec
360 2204 433 2254 una
463 2178 502 2250 in
529 2176 687 2251 alteram
709 2191 890 2266 transeat,
931 2176 1025 2254 haec
1050 2180 1169 2257 etiam
1197 2182 1303 2256 aculeo

263 2301 327 2375 vix
348 2299 568 2373 subenserto
588 2323 608 2369 a
632 2312 814 2398 sequente
826 2297 1010 2388 discedat,
1039 2325 1101 2374 ees
1123 2301 1166 2376 in
1185 2298 1302 2404 species

262 2421 353 2493 duas
369 2417 580 2520 peculiares
597 2414 757 2516 sejunxi.
773 2459 826 2474 -
839 2417 982 2493 Forsan
996 2435 1125 2495 autem
1141 2420 1204 2497 hic
1216 2419 1300 2497 lehn

261 2539 491 2616 nobilitator
511 2535 649 2612 femina
670 2551 729 2610 est
749 2536 858 2613 Ichn.
881 2547 1199 2642 quinqueguttoti
1222 2553 1302 2615 ante·

260 2659 440 2746 cedentis,
469 2682 555 2730 cum
578 2654 692 2731 etiem
714 2656 754 2730 in
773 2656 882 2734 lehn.
908 2658 1150 2761 lapidatore,
1177 2689 1212 2735 n.
1234 2665 1299 2736 271,

259 2805 337 2858 mas
360 2776 517 2854 thorace
531 2775 639 2876 nigro
653 2803 674 2850 a
690 2775 828 2850 femina
844 2777 1014 2865 differat3
1033 2792 1201 2857 attamen
1215 2779 1300 2881 quin·

260 2913 505 3002 queguttetus
546 2923 567 2970 a
605 2896 850 2972 nobilitatore
884 2897 1015 2974 differt
1044 2898 1162 2976 etiam
1195 2899 1298 2978 colore

258 3021 398 3124 pedum
420 3033 460 3096 et
481 3016 641 3123 picturis
662 3014 758 3092 albis
778 3015 958 3096 thoracis.

574 3399 648 3464 271.
692 3387 717 3460 Ι.
740 3387 1005 3458 LAPIDATOR.

457 3559 577 3647 Niger3
599 3561 776 3646 segmentis
796 3571 860 3634 tet
876 3574 898 3635 2
915 3559 1048 3650 punctis
1068 3559 1215 3640 duobus,
1233 3555 1295 3622 uiti·

456 3661 518 3725 mis
549 3662 764 3748 marginibus,
800 3660 900 3742 albis,
947 3661 1131 3729 semoribus
1164 3659 1294 3740 cittisque

454 3761 547 3829 ruiis.
570 3785 615 3831 m.
632 3761 657 3829 f.
680 3765 831 3848 (Ῐιιιιίιια
846 3761 988 3832 scutelle
1004 3775 1039 3832 et
1059 3763 1194 3831 thorace
1208 3757 1293 3832 nafis)-

329 3965 499 4042 Statura
520 3983 560 4044 et
579 3969 780 4070 proportio
793 3970 957 4073 partium
976 3970 1139 4048 feminae
1159 3969 1250 4043 sicut
1263 3959 1291 4032 ir

251 4087 520 4186 praecedentes
548 4089 749 4166 abdomine
768 4104 933 4168 ettamen
951 4091 1132 4170 teretiore
1154 4079 1292 4188 etapicc
