2698 4802
230 313 304 386 124
626 326 894 379 raunauuon
950 321 955 326 ’

226 494 335 581 aaa:
355 498 535 597 nigratar
556 492 737 595 Trentep.
760 492 884 571 Revis.
908 519 946 597 p.
968 484 1036 586 21,
1069 518 1114 570 a.
1140 504 1164 574 9
1184 537 1239 552 -
1264 495 1311 570 in

382 677 386 690 ,
439 613 540 690 Iside
568 621 682 705 1826,
718 641 755 716 p.
783 623 845 694 aa.

417 921 418 924 Ἴ
481 835 616 910 Nota:

305 970 461 1046 Gmelin
482 972 775 1051 Ichneumonem
803 970 1040 1072 biguttatum
1061 969 1311 1073 Thunbergr'i

227 1117 424 1194 perperam
447 1091 615 1165 familiae
637 1107 793 1192 quartae
814 1092 1026 1168 associavit.
1042 1092 1218 1169 -chm
1244 1101 1302 1170 ηἰ-

224 1229 367 1312 grator
388 1211 499 1285 Mart.
523 1211 669 1313 produ,
699 1239 733 1284 n.
760 1218 858 1288 1839
883 1212 959 1286 huc
982 1238 1057 1289 non
1078 1212 1258 1314 pertinet.

304 1330 596 1409 Ichneumonem
619 1344 864 1406 narratorem
889 1333 999 1408 Fabr.
1022 1334 1067 1406 ad
1083 1333 1196 1434 hujus
1212 1360 1304 1435 spe-

228 1448 302 1523 ciei
325 1477 463 1524 marem
480 1451 626 1552 redegi,
655 1476 675 1524 e
693 1449 948 1550 descriptione
970 1451 1156 1528 individui
1170 1455 1299 1532 Musei

227 1569 460 1658 Fabriciani,
495 1597 605 1671 quam
631 1567 868 1670 Trentepohl
888 1571 914 1645 l.
944 1597 975 1647 c.
1008 1573 1193 1650 exhibuit.
1254 1577 1305 1650 Iu

229 1690 439 1789 systemate
462 1691 696 1764 Piezatorum
721 1689 916 1764 Fabricius
938 1691 1171 1793 picturarum
1195 1693 1301 1769 alba-

227 1836 312 1886 rum
339 1810 475 1910 capitis
501 1825 539 1884 et
569 1807 733 1882 thoracis
764 1810 907 1883 nullam
939 1809 1032 1885 fecit
1053 1817 1302 1923 mentionem,

225 1930 391 2032 indeque
419 1944 647 2004 narratorem
675 1929 784 2004 Fabr.
815 1947 924 2007 antea
945 1932 991 2004 ad
1015 1960 1141 2008 mcum
1168 1940 1305 2015 Meso.

224 2052 369 2151 lentum
384 2065 628 2127 narratorem
643 2049 901 2141 adhibueram,
930 2077 1044 2152 quem
1058 2081 1158 2131 nunc
1171 2070 1302 2134 autem

223 2195 295 2274 pro
317 2172 444 2274 specie
469 2197 564 2250 nova
588 2170 723 2247 habea.

538 2536 593 2597 20.
635 2522 664 2593 1.
685 2520 980 2592 CASTIGATOR.

436 2693 632 2761 Femoribus
662 2693 818 2778 tibiisque
850 2694 948 2778 rufis,
992 2692 1145 2786 stigmate
1170 2697 1302 2770 alaram

434 2797 582 2862 vinaceo.
625 2819 668 2861 m.
689 2807 722 2862 et
742 2795 766 2864 f.

294 3003 441 3078 Statura
455 3015 494 3076 et
507 3001 706 3103 proportio
717 3001 880 3103 partium
895 3001 1166 3080 Ichneumonis
1178 3013 1302 3108 nigri-

223 3131 319 3206 tarr'i
337 3138 375 3198 et
394 3129 637 3200 comitaturis
646 3152 659 3208 ,·
692 3124 757 3199 sed
776 3123 975 3198 abdomine
999 3123 1114 3225 paulo
1138 3125 1299 3216 latiore3

221 3245 333 3318 maris
348 3245 520 3321 antennis
535 3246 650 3344 paulo
665 3241 919 3329 brevioribus;
942 3243 1104 3318 feminae
1118 3247 1297 3322 antennis

223 3363 460 3437 tenuioribus
484 3378 523 3437 et
539 3364 654 3462 paulo
677 3360 930 3460 longioribus,
958 3362 1169 3438 abdominis
1186 3369 1300 3468 apice

221 3480 416 3554 obtusiore
437 3494 476 3553 et
495 3497 664 3555 ventrem
688 3505 816 3555 versus
840 3475 1139 3582 subcontpresso

298 3599 521 3700 Longitudo
538 3603 694 3696 4—77,
715 3601 913 3676 linearum.
957 3607 1087 3704 Caput
1103 3602 1299 3682 interdum

219 3719 353 3795 orbitis
369 3721 568 3795 oculorum
592 3718 788 3796 facialibus
809 3718 1088 3798 rufescentibus
1110 3741 1177 3800 aut
1199 3725 1299 3801 albi-

219 3841 295 3929 dis,
339 3841 529 3916 interdum
555 3857 681 3916 autem
712 3841 795 3915 solo
823 3857 968 3940 puncto
998 3842 1152 3918 orbitali
1189 3846 1292 3921 alba.

219 3958 480 4039 Maadttatae
490 3961 654 4038 feminae
668 3960 895 4061 plerumque
909 3961 1035 4038 medio
1049 3963 1167 4042 rafae.
1209 3969 1296 4043 Aa·

217 4096 355 4160 termae
375 4097 560 4172 setaceae,
588 4105 747 4181 corpore
766 4078 925 4157 dimidio
947 4083 1063 4186 paulo
1084 4082 1292 4184 longiores,
