2658 4806
181 265 257 344 184
581 279 848 334 mesaneos
903 293 906 300 ⁴

181 443 635 549 fuscassenti-byalina03
677 446 854 552 stigmate
884 439 1109 539 straminea,
1148 447 1261 526 radio

182 570 435 656 iassescente,
468 566 595 643 radice
633 566 717 642 ruia
754 583 820 646 aut
859 567 1261 662 sordide-straminea,

185 688 382 792 squamula
402 687 507 761 fusca
530 702 595 762 aut
616 685 849 777 rufescente,
876 688 1004 766 areola
1018 688 1264 791 subtriangu-

184 808 267 884 lari.
332 806 454 885 Pedes
473 805 702 896 mediocres,
737 810 810 884 rufi
839 823 905 882 aut
927 809 1262 898 stramiaco-ruffi

184 929 289 1004 coxis
305 943 344 1003 et
358 924 663 1002 trocbanteribus
679 925 794 1002 fuscis
809 942 875 1002 aut
889 926 1123 1016 badio-rufis,
1152 929 1263 1004 coxis

185 1073 452 1149 nonnunquam
481 1044 753 1146 pigritantibus
781 1063 846 1123 aut
872 1047 1001 1149 nigris.
1054 1035 1265 1127 Abdomen

188 1169 325 1272 capitis
348 1165 592 1268 thoracisque
612 1166 852 1268 longitudine
871 1183 911 1244 et
928 1167 1150 1258 latitudine,
1192 1169 1267 1244 ob·

185 1291 472 1390 longoovatum,
501 1287 703 1385 segmentis
717 1293 833 1368 a-4
855 1289 1044 1366 interdum
1060 1287 1262 1390 subsequi-

192 1409 299 1496 latis3
333 1407 482 1508 nigrum
509 1420 574 1480 aut
598 1406 879 1508 nigrobadium,
920 1406 1152 1510 marginibus
1177 1433 1265 1509 seg·

185 1543 399 1604 mentorum
423 1525 649 1628 plerumque
670 1528 936 1617 dilatioribus3
960 1526 1138 1630 'plurimis
1161 1525 1269 1602 indi.

186 1646 310 1725 viduis
338 1660 532 1746 segmento
560 1654 584 1723 7
612 1673 724 1750 supra
747 1663 848 1737 tote,
883 1647 1111 1748 (imargine,
1144 1674 1270 1724 mem·

185 1769 301 1844 bians
324 1765 583 1842 sordide-alba
602 1767 753 1844 vestito.
807 1769 981 1846 Aculeus
993 1781 1162 1844 exsertus
1176 1767 1272 1846 bre-

187 1887 374 1965 vissimus.
751 1955 755 1963 .
790 1883 795 1896 ’

265 2008 461 2106 Quaedam
495 2007 690 2086 individua
724 2006 826 2108 cepi,
866 2007 1059 2084 mensibus
1091 2006 1188 2082 Julii
1223 2023 1268 2085 et

188 2129 437 2231 Septembris,
471 2128 571 2202 cirea
597 2129 640 2206 V
637 2130 879 2204 ratislaviam
910 2141 950 2202 et
980 2126 1178 2216 Oedelem,
1221 2126 1270 2207 in

188 2249 358 2336 frutetis3
386 2247 567 2348 quaedam
582 2244 655 2319 alia
671 2273 691 2319 e
706 2247 950 2337 Hannovem,
966 2249 1147 2336 Austris,
1166 2247 1210 2325 V
1207 2251 1272 2325 ol·
1327 2349 1328 2354 Ἰ

188 2367 331 2471 hynia,
362 2367 510 2442 Fennia
536 2378 575 2439 et
605 2366 754 2464 Anglia
787 2393 936 2442 mecum
962 2365 1270 2448 communicatae

191 2501 291 2561 sunt.
334 2484 553 2573 Fennicum,
581 2484 690 2585 apice
706 2481 916 2561 abdominis
931 2484 1032 2562 haud
1045 2487 1270 2564 membrana

192 2604 317 2678 albida
342 2602 498 2692 vestita,
533 2603 724 2704 anglicum
754 2606 883 2704 (circa
909 2608 1054 2710 Netley
1081 2611 1272 2714 captum)
1326 2591 1328 2628 ÷

192 2723 334 2804 lineola
354 2721 439 2798 alba
460 2736 547 2801 ante
569 2723 667 2814 alas,
694 2750 716 2801 a
736 2725 895 2830 reliquis
916 2726 1112 2804 differunt.
1327 2709 1328 2726 ¹

451 3033 454 3040 .
504 2947 761 3050 synonyma
793 2951 951 3028 maris:

191 3081 302 3164 chn.
324 3083 506 3188 ocbropis
527 3085 654 3161 Gmel.
677 3085 735 3162 ed.
758 3083 869 3164 Lien.
894 3112 931 3193 p.
951 3095 1075 3179 2679,
1108 3114 1145 3166 n.
1170 3096 1272 3170 280.
1327 3069 1328 3110 i

444 3307 579 3382 Nota:

271 3439 360 3536 Quo
378 3440 524 3515 minora
548 3440 741 3518 individua
754 3441 917 3522 feminae
930 3460 1034 3537 sunt,
1063 3469 1110 3522 eo
1123 3445 1271 3525 obscu-

193 3556 312 3633 riores
336 3573 424 3636 sunt
450 3583 586 3650 coxae3
626 3560 841 3653 minimum,
881 3564 944 3640 die
971 3572 996 3644 4
1020 3567 1113 3643 Julii
1141 3593 1271 3672 prope

192 3675 371 3758 Oedelem
392 3694 563 3783 captum,
590 3679 695 3758 coxis
716 3698 773 3762 est
797 3682 890 3762 totis
911 3684 1040 3790 nigris.
