2674 4816
233 351 308 427 498
632 363 906 430 acerrumos
1017 309 1024 316 i

308 544 344 614 2.
359 524 510 610 ortuis
524 533 723 609 oculorum
740 537 915 622 internis,
930 535 1112 635 lineisque
1124 531 1274 610 thoracis

232 651 611 758 (inseminagenuina
626 651 742 753 albis)
752 653 1179 754 ferrugineissseuteiio
1191 650 1273 751 ruso.

311 771 452 848 Ambae
467 771 678 862 varietates,
706 771 865 848 caeteris
880 800 967 848 cum
981 772 1120 849 semina
1135 769 1273 876 genuina

231 905 500 994 congruentes,
527 916 649 996 prope
672 893 822 998 Niesisy
842 909 974 996 captae
995 906 1095 971 sunt.

624 1113 905 1218 synonymus

230 1250 341 1328 chn.
361 1248 518 1329 sedulus
536 1249 727 1326 Gravenh.
749 1251 919 1341 Pedem,
948 1279 984 1327 n.
1007 1258 1069 1331 at.

231 1369 339 1451 Icitn.
360 1374 619 1451 similatorius
638 1373 817 1474 Trentep.
841 1371 881 1446 in
903 1369 1004 1446 Iside
1026 1378 1128 1450 1826
1149 1396 1185 1473 p.
1207 1371 1274 1452 556·

443 1494 567 1570 n.'56.
622 1492 856 1589 (Secundum
877 1505 1071 1566 auctorem
1090 1485 1273 1591 descriptio

440 1611 557 1714 hujus
577 1610 719 1714 speciei
741 1609 782 1686 in
804 1609 914 1686 Febr.
940 1609 1027 1689 Eut
1047 1609 1148 1713 Syst.
1172 1604 1266 1712 suppl

441 1731 562 1808 laevis
581 1746 621 1810 et
642 1756 773 1807 manca
800 1731 892 1831 est).

482 1952 621 2028 Notas

306 2088 454 2164 Statura
469 2103 508 2164 et
522 2087 771 2192 proportione
785 2087 950 2190 partium
964 2087 1166 2166 varietates
1178 2083 1278 2193 pluri·

229 2233 416 2285 maecum
441 2207 568 2312 specie
591 2208 758 2309 genuina·
777 2207 930 2308 quidem
953 2225 1185 2312 congruunt3
1209 2217 1279 2281 sum

228 2355 318 2405 vero
336 2329 450 2405 etiam
466 2328 613 2430 singula
635 2327 846 2418 individua,
874 2331 1046 2406 antennis
1061 2330 1219 2432 pedibus
1231 2325 1280 2399 ab·

228 2449 428 2524 dominere
456 2448 789 2549 subgracilioribus
814 2465 879 2524 aut
907 2450 1235 2536 subcrassioribus,
1263 2469 1277 2516 a

227 2569 402 2670 genuinis
443 2569 602 2644 diversa.
686 2567 758 2643 Sed
798 2567 869 2644 hae
913 2568 1155 2646 differentiae
1188 2565 1279 2646 ninris

229 2703 317 2762 sunt
343 2689 470 2764 laeves
507 2687 721 2789 sensimque
756 2687 796 2762 in
822 2689 1088 2791 proportiones
1117 2689 1279 2792 genuinas

227 2823 435 2897 transeunt,
459 2835 528 2883 nec
545 2807 750 2896 sufficiunt,
768 2809 814 2882 ad
828 2806 924 2883 hauc
935 2807 1102 2910 speciem
1119 2812 1158 2888 in
1171 2810 1279 2913 pluras

227 2929 374 3032 species
396 2928 687 3005 dissolvendam.
731 2929 836 3004 Idem
851 2929 965 3004 etiam
978 2929 1026 3005 de
1040 2931 1279 3006 mutabilitate

226 3052 401 3126 colorum
421 3063 461 3125 et
483 3047 717 3150 picturarum
740 3049 859 3138 valet,
895 3049 997 3151 quod
1029 3075 1052 3125 e
1087 3049 1279 3126 collatione

225 3171 451 3248 varietatum
467 3169 738 3270 descriptarum
754 3169 911 3272 patebit.
967 3171 1101 3260 Imm0‚
1131 3168 1279 3247 adchu.

225 3293 451 3395 semirusum
486 3305 526 3366 et
565 3293 826 3394 culpatorium
865 3314 986 3364 mares
1020 3289 1135 3372 Iebn.
1174 3283 1281 3368 sedat·

225 3412 386 3487 transire
413 3411 607 3502 videntur,
644 3411 846 3513 forsanque
872 3435 993 3484 mares
1019 3407 1156 3486 harum
1182 3410 1279 3485 trium

226 3531 437 3633 specierum
462 3531 501 3604 in
523 3557 634 3606 unam
657 3531 824 3634 speciem
845 3529 1025 3633 conjungi
1046 3548 1215 3633 possent.

319 3653 502 3727 Feminae
540 3651 650 3727 Ichn.
689 3651 836 3739 seduli,
875 3649 1080 3726 secundum
1125 3651 1280 3727 habitum

224 3783 365 3859 totum,
394 3785 572 3846 staturam
595 3787 635 3847 et
654 3769 942 3873 proportionem
956 3772 1134 3873 partium,
1165 3764 1280 3870 impri-

224 3888 296 3964 mis
317 3903 441 3964 autem
462 3907 621 3992 propter
640 3892 813 3966 aculeum
837 3889 989 3990 longius
1010 3909 1218 3980 exsertum,
1241 3881 1277 3960 ad

226 4014 398 4115 Cryptos
405 4011 593 4112 familiae
606 4017 755 4112 primae
774 4009 908 4086 referri
923 4027 1094 4113 possent,
1125 4001 1276 4089 nonnisi

223 4131 384 4235 pedibus
405 4129 521 4234 paulo
541 4129 788 4208 crassioribus
815 4127 936 4208 abeis
960 4132 1210 4210 discedentes.
