2686 4814
250 327 327 405 412
647 334 917 398 rcuua'uusou
977 375 980 386 .

249 509 398 589 dimidii
414 507 664 611 longitudine,
678 507 787 612 apice
799 522 987 600 curvatae,
1002 509 1174 592 articulis
1187 519 1299 592 9-13

251 647 318 708 aut
334 640 441 710 12-
453 637 500 708 14
519 655 632 731 supra
652 628 766 718 albis,
797 640 816 709 1
838 629 1027 706 interdum
1050 631 1182 705 subtus
1197 631 1302 706 ferru-

250 751 374 852 gineo.
435 751 604 844 Thorax
622 748 776 852 gibbus,
810 748 954 826 lineola
981 775 1047 832 seu
1070 765 1213 851 puncto
1229 763 1302 826 aute

250 872 340 959 alas,
369 869 566 971 alteroque
587 870 684 945 iufra
705 869 798 957 alas,
826 870 944 960 flavis,
973 895 1048 946 uuo
1069 871 1235 948 alterove
1255 869 1302 942 iu-

250 991 400 1066 terdum
440 989 660 1070 deficientes
699 988 861 1064 feminac
884 989 1073 1070 interdum
1100 989 1201 1074 linea
1229 1001 1304 1064 anta

251 1112 329 1188 alas
351 1109 538 1212 usquead
565 1109 709 1184 collum
727 1109 971 1199 ascendente,
1006 1108 1099 1184 mari
1127 1108 1304 1188 interdum

248 1232 418 1333 margine
446 1211 583 1329 supero
607 1228 699 1303 colli
732 1243 771 1305 et
798 1229 941 1304 lineola
973 1227 1070 1309 infra
1102 1229 1302 1312 scutellum,

250 1353 384 1430 flavis..
436 1350 651 1426 Scutellum
681 1350 831 1446 flavum.
892 1351 997 1428 Aloe
1019 1347 1228 1424 mediocres
1252 1357 1305 1420 aut

251 1471 488 1570 subamplae,
529 1466 868 1568 silaceohyalinae3
909 1469 1089 1558 feminae,
1130 1467 1305 1544 rarissime

250 1589 365 1674 etiam
381 1589 484 1675 mari,
506 1585 918 1688 subsumatohyaliuae3
946 1589 1120 1688 stigmate
1134 1587 1242 1680 fuluo
1253 1595 1307 1658 aut

250 1708 479 1807 ferruginea
502 1708 622 1786 rarius
639 1707 885 1796 fuscescente‚
914 1708 1020 1788 radio
1041 1703 1307 1791 fuscoautfer·

250 1827 427 1928 ruginem
455 1826 581 1902 radice
602 1828 696 1902 flava
713 1842 778 1908 aut
801 1827 1025 1928 ferruginea,
1054 1827 1176 1904 rarius
1197 1826 1307 1910 fusca

252 1947 447 2048 squamula
468 1946 531 2026 vel
551 1948 644 2024 flava
667 1949 729 2024 vel
749 1945 855 2028 fusca
880 1961 1023 2048 puncto
1045 1945 1235 2028 albicante
1253 1957 1307 2020 aut

249 2068 481 2154 rufescente3
505 2066 630 2141 areola
647 2065 999 2168 quinqueangulari.
1042 2065 1166 2146 Pedes
1178 2064 1307 2144 medio·

251 2214 349 2275 cres3
389 2189 493 2270 conis
528 2187 780 2268 anterioribus
814 2189 855 2264 iu
888 2186 1006 2268 altera
1040 2185 1182 2262 femina
1214 2185 1307 2286 apice

249 2307 375 2394 flavis3
403 2307 610 2382 semoribus
632 2306 765 2380 euticis
788 2306 937 2396 subtus,
966 2308 1194 2410 plerumque
1207 2304 1306 2386 etiam

250 2419 359 2526 apice
375 2441 475 2516 toto,
503 2426 629 2515 flavis,
656 2425 775 2501 rarius
792 2426 912 2515 flavis,
941 2452 1052 2529 supra
1069 2425 1178 2500 basin
1195 2447 1307 2500 versus

250 2543 385 2644 nigris,
420 2543 460 2617 in
484 2543 624 2619 femina
652 2546 769 2620 altera
796 2544 877 2622 fere
899 2545 991 2621 totis
1019 2545 1155 2646 nigris,
1188 2539 1308 2620 mediis

248 2662 372 2764 apice,
407 2662 596 2744 interdum
624 2663 855 2746 admediuru
884 2689 1019 2768 usque,
1055 2664 1179 2739 rarius
1202 2665 1308 2739 latere

247 2781 372 2858 infero
389 2797 489 2874 totu,
517 2784 641 2866 flaviss
669 2785 773 2858 tibiis
795 2785 922 2875 flavis,
950 2785 1108 2887 posticis
1132 2785 1242 2888 apice
1260 2780 1309 2854 ni·

249 2927 317 3008 gro
333 2919 398 2978 aut
411 2903 530 2993 fusco,
553 2905 741 2980 interdum
758 2903 945 2995 obsolet0,
962 2906 1082 2979 rarius
1100 2929 1193 2980 vero
1207 2905 1309 2982 etiam

141 3031 148 3045 ‘
247 3013 499 3108 anterioribus
529 3041 672 3128 puncto
699 3025 837 3128 apicali
869 3024 978 3124 nigro
1006 3039 1071 3098 aut
1107 3023 1220 3098 fusco
1254 3035 1310 3094 aut

248 3146 357 3248 apice
379 3161 461 3221 toto
490 3143 809 3248 rufoferrugine03
845 3143 956 3222 tarsis
979 3142 1085 3224 ssavis
1113 3161 1182 3220 aut
1205 3147 1311 3218 flavo-

246 3266 483 3367 ferrugineis,
509 3265 666 3365 posticis
683 3266 871 3340 interdum
885 3263 1056 3364 apicibus
1071 3264 1312 3341 articulorum

247 3384 531 3483 nigricantibus.
563 3385 682 3460 Color
696 3385 813 3466 flavus
833 3384 972 3485 pedum
987 3397 1109 3460 morte
1128 3383 1311 3462 interdum

246 3503 291 3578 in
323 3504 612 3586 sordideflavum
645 3503 890 3584 convertitur.
959 3501 1167 3586 Abdomen
1208 3499 1311 3580 maris

248 3621 486 3722 elongatum,
521 3624 648 3728 capite
669 3623 900 3724 thoraceque
921 3621 1091 3722 longius,
1127 3621 1311 3702 interdum

247 3742 367 3842 duplo
396 3742 564 3842 longius,
599 3741 764 3824 thoracis
792 3742 994 3824 latitudine
1024 3742 1086 3816 val
1114 3743 1235 3843 paulo
1254 3767 1311 3818 aa·

245 3863 408 3963 gastius,
438 3864 639 3960 segmentis
661 3865 775 3946 2-5
806 3859 1126 3963 fereaequilatis,
1157 3886 1312 3962 sequeu-

242 3981 345 4063 tibus
367 3980 516 4081 apicem
533 4008 659 4057 versus
675 3983 813 4062 sensim
827 3981 1124 4082 augustioribus,
1154 3979 1310 4054 feminae

244 4100 586 4202 oblongoovatum2
614 4103 740 4206 capite
760 4099 1129 4204 thoracequepaulo
1152 4098 1308 4200 longius,
