2704 4806
183 289 253 344 vttt

184 477 396 558 agnoscam.
456 449 643 528 Avocatus
661 463 789 526 autem
808 475 909 528 anno
934 459 1035 533 1810
1063 449 1103 532 in
1122 447 1264 534 catire-

184 591 291 668 dram
311 587 492 666 historiae
508 587 689 664 naturalis
709 587 964 668 universitatis
977 589 1265 668 francofurten-

186 728 250 832 sis,
277 753 453 831 annoque
467 740 661 830 sequente,
681 753 766 802 cum
782 726 1028 805 universitate
1043 728 1134 832 ipsa,
1158 733 1263 806 Vra-

185 864 375 942 tislaviam
402 880 553 968 petens,
587 864 738 966 negotia
766 863 880 968 plane
900 864 997 940 alius
1023 865 1170 968 generis
1191 893 1262 944 me

187 1001 387 1104 cogebant,
415 1000 642 1106 opusculum
661 999 880 1077 inchoatum
900 1027 970 1104 per
989 1027 1105 1078 annos
1122 1002 1259 1105 plures

186 1137 415 1241 relinquere.
458 1139 660 1240 Nunquam
675 1153 801 1214 autem
815 1165 876 1214 me
890 1138 1093 1241 poenituit,
1121 1165 1262 1216 mono-

188 1274 383 1386 graphiam
409 1273 711 1351 Ichneumonum
742 1290 835 1350 tunc
868 1274 1052 1378 temporis
1087 1277 1261 1354 nondum

187 1410 393 1514 perfecisse
413 1428 453 1491 et
471 1413 649 1502 edidisse;
684 1410 723 1489 in
744 1410 878 1488 Silesia
897 1411 998 1490 enirn
1020 1413 1261 1491 collectanea

184 1563 263 1624 tam
289 1550 408 1625 multa
431 1565 471 1627 et
497 1576 594 1628 nova
613 1575 763 1625 mecum
783 1550 1175 1640 communicabantur,
1210 1563 1260 1626 ut

188 1713 285 1790 quae
310 1685 607 1790 conscripseram
641 1687 773 1762 saltem
800 1686 921 1790 duplo
954 1701 1182 1790 augerentur
1214 1699 1261 1764 et

188 1823 314 1902 denuo
339 1849 381 1900 ea
410 1849 640 1926 componere
666 1851 726 1902 me
750 1839 957 1928 oporteret.
1019 1823 1155 1901 Omnia
1181 1849 1260 1916 me,
1345 1919 1346 1924 Ἰ

188 1985 260 2064 pro
280 1959 374 2038 meis
394 1959 556 2052 viribus,
583 1961 721 2040 fecisse
742 1963 872 2052 credo,
900 1976 944 2040 ut
964 1960 1159 2038 materiam
1174 1985 1263 2036 om-

187 2095 299 2174 nibus
324 2097 493 2201 partibus
514 2100 757 2190 conficerem,
790 2115 834 2176 ut
855 2125 992 2202 genera
1020 2111 1060 2175 et
1081 2097 1262 2192 familias,

188 2259 256 2312 reu
279 2235 497 2336 subgenera,
525 2237 626 2310 notis
649 2235 859 2327 stabilibus,
886 2263 956 2314 nec
975 2235 1261 2327 vacillantibus,

111 2451 112 2456 ,
188 2371 380 2474 oculoque
401 2371 515 2452 facile
531 2399 571 2449 se
583 2371 862 2476 praebentibus,
889 2373 1086 2450 definirem
1106 2389 1146 2450 et
1160 2372 1261 2474 legi·

186 2505 259 2586 bus
286 2523 442 2590 naturae
479 2509 727 2612 congruentia
760 2510 996 2601 exhiberem,
1037 2525 1081 2587 ut
1109 2510 1261 2614 species

143 2733 149 2744 ¹
189 2643 469 2724 accuratissime
483 2647 735 2726 describerem
752 2662 791 2724 et
810 2647 954 2738 omnia,
983 2673 1080 2750 quae
1094 2649 1142 2724 de
1156 2645 1262 2726 vitae

184 2780 336 2892 ¹ratione
350 2807 491 2875 earum,
518 2812 540 2861 e
554 2811 637 2864 mea
656 2784 718 2862 vel
732 2811 779 2862 ex
794 2785 957 2862 aliorum
972 2785 1263 2862 observatorum

189 2917 440 3022 experientia,
466 2919 561 2998 mibi
589 2921 850 3012 innotuerant,
877 2922 1064 3012 adderem,
1091 2919 1264 3024 denique

189 3069 235 3134 ut
251 3057 525 3161 synonymiam,
554 3057 695 3160 ubique
710 3086 731 3136 e
748 3059 956 3138 collatione
971 3058 1263 3162 religiosissime

189 3217 211 3272 t
231 3221 293 3270 me
313 3193 398 3296 ipso
420 3195 613 3286 instituta,
641 3195 828 3297 nulloque
841 3196 1006 3299 allegato
1029 3198 1147 3274 esola
1162 3196 1265 3272 alio-

189 3357 273 3410 rum
297 3332 527 3436 scriptorum
547 3332 773 3411 auctoritate
793 3348 959 3436 recepto,
989 3359 1100 3436 quam
1114 3332 1265 3436 plenis-

189 3465 286 3544 sime
316 3467 572 3572 adjungerem.
653 3469 774 3546 Simul
806 3495 897 3549 vero
930 3469 1164 3573 experientia
1196 3497 1263 3550 me

189 3602 332 3696 docuit,
357 3620 530 3684 naturam
549 3606 718 3684 infinitae
738 3605 1008 3709 profunditatis
1032 3621 1081 3698 et,
1109 3608 1262 3686 ratione

189 3737 334 3842 legum,
362 3769 454 3844 quas
473 3744 660 3848 sequitur,
688 3744 798 3822 nobis
818 3769 930 3846 saepe
948 3743 1262 3848 inexplicabilem

190 3889 232 3957 et
248 3877 448 3958 obscuram
463 3905 559 3958 esse.
614 3881 766 3960 Genera
783 3895 823 3959 et
840 3879 1018 3973 familiae,
1042 3883 1261 3986 specierum

190 4039 349 4094 numero
373 4015 536 4124 insignia
561 4033 603 4100 et
623 4019 769 4126 ampla,
803 4017 953 4124 saepius
977 4017 1041 4100 vix
1066 4018 1260 4104 limitibus
