<?xml version="1.0" encoding="UTF-8"?>
<!DOCTYPE html PUBLIC "-//W3C//DTD XHTML 1.0 Transitional//EN"
    "http://www.w3.org/TR/xhtml1/DTD/xhtml1-transitional.dtd">
<html xmlns="http://www.w3.org/1999/xhtml" xml:lang="en" lang="en">
 <head>
  <title>
</title>
<meta http-equiv="Content-Type" content="text/html;charset=utf-8" />
  <meta name='ocr-system' content='tesseract 3.04.00' />
  <meta name='ocr-capabilities' content='ocr_page ocr_carea ocr_par ocr_line ocrx_word'/>
</head>
<body>
  <div class='ocr_page' id='page_1' title='image "./ichneumonologia01gravgoog_0356.png"; bbox 0 0 2662 4810; ppageno 0'>
   <div class='ocr_carea' id='block_1_1' title="bbox 345 303 1068 388">
    <p class='ocr_par' dir='ltr' id='par_1_1' title="bbox 345 303 1068 388">
     <span class='ocr_line' id='line_1_1' title="bbox 345 303 1068 388; baseline 0.008 -12"><span class='ocrx_word' id='word_1_1' title='bbox 345 322 444 376; x_wconf 74' lang='lat' dir='ltr'><strong>rann.</strong></span> <span class='ocrx_word' id='word_1_2' title='bbox 474 303 509 388; x_wconf 87' lang='lat'><strong>1,</strong></span> <span class='ocrx_word' id='word_1_3' title='bbox 537 319 655 379; x_wconf 76' lang='lat' dir='ltr'><strong>anon.</strong></span> <span class='ocrx_word' id='word_1_4' title='bbox 684 321 720 376; x_wconf 85' lang='lat' dir='ltr'><strong>v.</strong></span> <span class='ocrx_word' id='word_1_5' title='bbox 990 307 1068 384; x_wconf 78' lang='lat'><strong>313</strong></span> 
     </span>
    </p>
   </div>
   <div class='ocr_carea' id='block_1_2' title="bbox 50 485 1080 2393">
    <p class='ocr_par' dir='ltr' id='par_1_2' title="bbox 259 485 392 566">
     <span class='ocr_line' id='line_1_2' title="bbox 259 485 392 566; baseline 0 -2"><span class='ocrx_word' id='word_1_6' title='bbox 259 485 392 566; x_wconf 72' lang='lat' dir='ltr'><strong>Notat</strong></span> 
     </span>
    </p>

    <p class='ocr_par' dir='ltr' id='par_1_3' title="bbox 50 603 1080 2393">
     <span class='ocr_line' id='line_1_3' title="bbox 105 603 1069 713; baseline 0.008 -35"><span class='ocrx_word' id='word_1_7' title='bbox 105 603 244 699; x_wconf 69' lang='lat' dir='ltr'><strong>Panion,</strong></span> <span class='ocrx_word' id='word_1_8' title='bbox 271 608 310 684; x_wconf 86' lang='lat' dir='ltr'><strong>in</strong></span> <span class='ocrx_word' id='word_1_9' title='bbox 328 605 532 685; x_wconf 80' lang='lat' dir='ltr'><strong>Revisione</strong></span> <span class='ocrx_word' id='word_1_10' title='bbox 550 608 606 698; x_wconf 86' lang='lat'><strong>11,</strong></span> <span class='ocrx_word' id='word_1_11' title='bbox 632 634 671 712; x_wconf 87' lang='lat' dir='ltr'><strong>p.</strong></span> <span class='ocrx_word' id='word_1_12' title='bbox 690 614 758 698; x_wconf 78' lang='grc'><strong>66,</strong></span> <span class='ocrx_word' id='word_1_13' title='bbox 783 605 882 684; x_wconf 87' lang='lat' dir='ltr'><strong>hana</strong></span> <span class='ocrx_word' id='word_1_14' title='bbox 903 607 1069 713; x_wconf 74' lang='lat' dir='ltr'><strong>speciem</strong></span> 
     </span>
     <span class='ocr_line' id='line_1_4' title="bbox 50 726 1068 830; baseline 0.014 -36"><span class='ocrx_word' id='word_1_15' title='bbox 50 745 156 800; x_wconf 85' lang='lat' dir='ltr'><strong>narem</strong></span> <span class='ocrx_word' id='word_1_16' title='bbox 176 753 251 804; x_wconf 79' lang='lat' dir='ltr'><strong>eane</strong></span> <span class='ocrx_word' id='word_1_17' title='bbox 270 729 377 806; x_wconf 75' lang='lat' dir='ltr'><strong>inin.</strong></span> <span class='ocrx_word' id='word_1_18' title='bbox 399 726 653 806; x_wconf 77' lang='lat' dir='ltr'><strong><em>ambulatorii</em></strong></span> <span class='ocrx_word' id='word_1_19' title='bbox 678 728 818 828; x_wconf 74' lang='lat' dir='ltr'><strong>(nostri</strong></span> <span class='ocrx_word' id='word_1_20' title='bbox 839 728 1068 830; x_wconf 74' lang='lat' dir='ltr'><strong>oodotorin),</strong></span> 
     </span>
     <span class='ocr_line' id='line_1_5' title="bbox 51 845 1071 948; baseline 0.009 -32"><span class='ocrx_word' id='word_1_21' title='bbox 51 846 224 936; x_wconf 85' lang='lat' dir='ltr'><strong>contendit;</strong></span> <span class='ocrx_word' id='word_1_22' title='bbox 249 847 342 922; x_wconf 86' lang='lat' dir='ltr'><strong>mihi</strong></span> <span class='ocrx_word' id='word_1_23' title='bbox 361 863 486 925; x_wconf 85' lang='lat' dir='ltr'><strong>autem</strong></span> <span class='ocrx_word' id='word_1_24' title='bbox 508 847 642 926; x_wconf 87' lang='lat' dir='ltr'><strong>eodem</strong></span> <span class='ocrx_word' id='word_1_25' title='bbox 664 845 748 948; x_wconf 86' lang='lat' dir='ltr'><strong>jure</strong></span> <span class='ocrx_word' id='word_1_26' title='bbox 771 874 849 924; x_wconf 84' lang='lat' dir='ltr'><strong>mus</strong></span> <span class='ocrx_word' id='word_1_27' title='bbox 869 849 976 927; x_wconf 78' lang='lat' dir='ltr'><strong>lelio.</strong></span> <span class='ocrx_word' id='word_1_28' title='bbox 994 867 1071 927; x_wconf 85' lang='lat' dir='ltr'><strong>ter-</strong></span> 
     </span>
     <span class='ocr_line' id='line_1_6' title="bbox 52 965 1072 1071; baseline 0.008 -35"><span class='ocrx_word' id='word_1_29' title='bbox 52 969 211 1045; x_wconf 79' lang='lat' dir='ltr'><strong>ninoton&#39;i</strong></span> <span class='ocrx_word' id='word_1_30' title='bbox 235 990 317 1043; x_wconf 77' lang='lat' dir='ltr'><strong>esse</strong></span> <span class='ocrx_word' id='word_1_31' title='bbox 343 965 511 1060; x_wconf 82' lang='lat' dir='ltr'><strong>videtur,</strong></span> <span class='ocrx_word' id='word_1_32' title='bbox 538 995 624 1046; x_wconf 86' lang='lat' dir='ltr'><strong>eum</strong></span> <span class='ocrx_word' id='word_1_33' title='bbox 644 992 721 1071; x_wconf 91' lang='lat' dir='ltr'><strong>quo</strong></span> <span class='ocrx_word' id='word_1_34' title='bbox 751 967 867 1070; x_wconf 83' lang='lat' dir='ltr'><strong>magis</strong></span> <span class='ocrx_word' id='word_1_35' title='bbox 896 969 1072 1071; x_wconf 84' lang='lat' dir='ltr'><strong>congruit</strong></span> 
     </span>
     <span class='ocr_line' id='line_1_7' title="bbox 51 1083 1073 1191; baseline 0.012 -35"><span class='ocrx_word' id='word_1_36' title='bbox 51 1105 132 1182; x_wconf 86' lang='lat' dir='ltr'><strong>qnam</strong></span> <span class='ocrx_word' id='word_1_37' title='bbox 144 1111 223 1164; x_wconf 90' lang='lat' dir='ltr'><strong>oum</strong></span> <span class='ocrx_word' id='word_1_38' title='bbox 236 1083 441 1164; x_wconf 84' lang='lat' dir='ltr'><strong>vadatonio.</strong></span> <span class='ocrx_word' id='word_1_39' title='bbox 483 1087 587 1165; x_wconf 85' lang='lat' dir='ltr'><strong>Idem</strong></span> <span class='ocrx_word' id='word_1_40' title='bbox 601 1102 735 1164; x_wconf 85' lang='lat' dir='ltr'><strong>aneton</strong></span> <span class='ocrx_word' id='word_1_41' title='bbox 748 1085 862 1164; x_wconf 86' lang='lat' dir='ltr'><strong>etiam</strong></span> <span class='ocrx_word' id='word_1_42' title='bbox 876 1086 902 1164; x_wconf 94' lang='lat' dir='ltr'><strong>l.</strong></span> <span class='ocrx_word' id='word_1_43' title='bbox 919 1114 953 1164; x_wconf 90' lang='lat' dir='ltr'><strong>o.</strong></span> <span class='ocrx_word' id='word_1_44' title='bbox 970 1116 1006 1191; x_wconf 90' lang='lat' dir='ltr'><strong>p.</strong></span> <span class='ocrx_word' id='word_1_45' title='bbox 1023 1093 1073 1168; x_wconf 78' lang='lat'><strong>64</strong></span> 
     </span>
     <span class='ocr_line' id='line_1_8' title="bbox 51 1204 1075 1310; baseline 0.011 -37"><span class='ocrx_word' id='word_1_46' title='bbox 51 1204 241 1286; x_wconf 76' lang='lat' dir='ltr'><strong>mentionem</strong></span> <span class='ocrx_word' id='word_1_47' title='bbox 263 1204 356 1284; x_wconf 82' lang='lat' dir='ltr'><strong>iacit</strong></span> <span class='ocrx_word' id='word_1_48' title='bbox 375 1207 646 1288; x_wconf 75' lang='lat' dir='ltr'><strong>Ichneumonis</strong></span> <span class='ocrx_word' id='word_1_49' title='bbox 664 1206 917 1287; x_wconf 79' lang='lat' dir='ltr'><em>ambulatorii</em></span> <span class='ocrx_word' id='word_1_50' title='bbox 934 1207 1075 1310; x_wconf 77' lang='lat' dir='ltr'><strong>(vodo-</strong></span> 
     </span>
     <span class='ocr_line' id='line_1_9' title="bbox 51 1321 1074 1432; baseline 0.008 -36"><span class='ocrx_word' id='word_1_51' title='bbox 51 1329 132 1425; x_wconf 81' lang='lat' dir='ltr'><strong>torii)</strong></span> <span class='ocrx_word' id='word_1_52' title='bbox 157 1342 193 1405; x_wconf 86' lang='lat' dir='ltr'><strong>et</strong></span> <span class='ocrx_word' id='word_1_53' title='bbox 214 1333 412 1405; x_wconf 83' lang='lat' dir='ltr'><strong>ornotorii</strong></span> <span class='ocrx_word' id='word_1_54' title='bbox 438 1329 661 1406; x_wconf 76' lang='lat' dir='ltr'><strong>varietatum</strong></span> <span class='ocrx_word' id='word_1_55' title='bbox 695 1327 896 1432; x_wconf 76' lang='lat' dir='ltr'><strong>segmentis</strong></span> <span class='ocrx_word' id='word_1_56' title='bbox 930 1321 1074 1407; x_wconf 78' lang='lat' dir='ltr'><strong>ultimis</strong></span> 
     </span>
     <span class='ocr_line' id='line_1_10' title="bbox 52 1435 1076 1553; baseline 0.008 -35"><span class='ocrx_word' id='word_1_57' title='bbox 52 1435 271 1540; x_wconf 72' lang='lat' dir='ltr'><strong>immaculatis,</strong></span> <span class='ocrx_word' id='word_1_58' title='bbox 299 1447 432 1550; x_wconf 72' lang='lat' dir='ltr'><strong>qualos</strong></span> <span class='ocrx_word' id='word_1_59' title='bbox 447 1475 518 1551; x_wconf 78' lang='lat' dir='ltr'><strong>ego</strong></span> <span class='ocrx_word' id='word_1_60' title='bbox 533 1475 725 1553; x_wconf 83' lang='lat' dir='ltr'><strong>nunquam</strong></span> <span class='ocrx_word' id='word_1_61' title='bbox 741 1447 881 1541; x_wconf 85' lang='lat' dir='ltr'><strong>inveni,</strong></span> <span class='ocrx_word' id='word_1_62' title='bbox 908 1447 982 1528; x_wconf 78' lang='lat' dir='ltr'><strong>nini</strong></span> <span class='ocrx_word' id='word_1_63' title='bbox 997 1449 1076 1526; x_wconf 83' lang='lat' dir='ltr'><strong>son-</strong></span> 
     </span>
     <span class='ocr_line' id='line_1_11' title="bbox 52 1569 1075 1673; baseline 0.009 -37"><span class='ocrx_word' id='word_1_64' title='bbox 52 1581 226 1644; x_wconf 81' lang='lat' dir='ltr'><strong>unanoton</strong></span> <span class='ocrx_word' id='word_1_65' title='bbox 245 1569 422 1646; x_wconf 82' lang='lat' dir='ltr'><strong>laudatus</strong></span> <span class='ocrx_word' id='word_1_66' title='bbox 442 1569 738 1651; x_wconf 69' lang='lat' dir='ltr'><strong>ichneumonum</strong></span> <span class='ocrx_word' id='word_1_67' title='bbox 758 1570 982 1654; x_wconf 70' lang='lat' dir='ltr'><strong>divisoriam</strong></span> <span class='ocrx_word' id='word_1_68' title='bbox 1004 1593 1075 1673; x_wconf 86' lang='lat' dir='ltr'><strong>pro</strong></span> 
     </span>
     <span class='ocr_line' id='line_1_12' title="bbox 52 1680 1074 1782; baseline 0.017 -30"><span class='ocrx_word' id='word_1_69' title='bbox 52 1680 96 1756; x_wconf 80' lang='lat' dir='ltr'><strong>uli</strong></span> <span class='ocrx_word' id='word_1_70' title='bbox 113 1688 281 1766; x_wconf 79' lang='lat' dir='ltr'><strong>varietate</strong></span> <span class='ocrx_word' id='word_1_71' title='bbox 293 1687 404 1764; x_wconf 77' lang='lat' dir='ltr'><strong>chn.</strong></span> <span class='ocrx_word' id='word_1_72' title='bbox 421 1697 617 1770; x_wconf 81' lang='lat' dir='ltr'><strong>ornoton‘i</strong></span> <span class='ocrx_word' id='word_1_73' title='bbox 631 1689 816 1768; x_wconf 84' lang='lat' dir='ltr'><strong>habuerit.</strong></span> <span class='ocrx_word' id='word_1_74' title='bbox 844 1733 896 1750; x_wconf 87' lang='lat'><strong>-·</strong></span> <span class='ocrx_word' id='word_1_75' title='bbox 922 1693 1074 1782; x_wconf 66' lang='lat' dir='ltr'><strong>Panion,</strong></span> 
     </span>
     <span class='ocr_line' id='line_1_13' title="bbox 54 1795 1074 1913; baseline 0.014 -39"><span class='ocrx_word' id='word_1_76' title='bbox 54 1795 107 1878; x_wconf 81' lang='lat' dir='ltr'><strong>ie.</strong></span> <span class='ocrx_word' id='word_1_77' title='bbox 122 1823 156 1882; x_wconf 89' lang='lat' dir='ltr'><strong>et</strong></span> <span class='ocrx_word' id='word_1_78' title='bbox 171 1808 388 1899; x_wconf 70' lang='lat' dir='ltr'><strong>Fabricius,</strong></span> <span class='ocrx_word' id='word_1_79' title='bbox 415 1807 456 1884; x_wconf 91' lang='lat' dir='ltr'><strong>in</strong></span> <span class='ocrx_word' id='word_1_80' title='bbox 475 1811 572 1912; x_wconf 79' lang='lat' dir='ltr'><strong>Syut.</strong></span> <span class='ocrx_word' id='word_1_81' title='bbox 592 1809 730 1889; x_wconf 81' lang='lat' dir='ltr'><strong>Pienat.</strong></span> <span class='ocrx_word' id='word_1_82' title='bbox 755 1835 840 1913; x_wconf 79' lang='lat' dir='ltr'><strong>pag.</strong></span> <span class='ocrx_word' id='word_1_83' title='bbox 857 1817 925 1898; x_wconf 89' lang='grc'><strong>60,</strong></span> <span class='ocrx_word' id='word_1_84' title='bbox 953 1835 989 1884; x_wconf 90' lang='lat' dir='ltr'><strong>n.</strong></span> <span class='ocrx_word' id='word_1_85' title='bbox 1013 1817 1074 1897; x_wconf 79' lang='lat'><strong>31,</strong></span> 
     </span>
     <span class='ocr_line' id='line_1_14' title="bbox 55 1927 1078 2031; baseline 0.002 -31"><span class='ocrx_word' id='word_1_86' title='bbox 55 1935 252 2008; x_wconf 70' lang='lat' dir='ltr'><strong>omnnium</strong></span> <span class='ocrx_word' id='word_1_87' title='bbox 268 1953 354 2006; x_wconf 83' lang='lat' dir='ltr'><strong>eum</strong></span> <span class='ocrx_word' id='word_1_88' title='bbox 370 1938 573 2030; x_wconf 82' lang='lat' dir='ltr'><strong>negatorio</strong></span> <span class='ocrx_word' id='word_1_89' title='bbox 585 1929 842 2031; x_wconf 82' lang='lat' dir='ltr'><strong>conjungunt,</strong></span> <span class='ocrx_word' id='word_1_90' title='bbox 870 1927 936 2030; x_wconf 89' lang='lat' dir='ltr'><strong>qni</strong></span> <span class='ocrx_word' id='word_1_91' title='bbox 951 1942 1078 2003; x_wconf 87' lang='lat' dir='ltr'><strong>autem</strong></span> 
     </span>
     <span class='ocr_line' id='line_1_15' title="bbox 56 2046 1079 2157; baseline 0 -35"><span class='ocrx_word' id='word_1_92' title='bbox 56 2047 211 2154; x_wconf 74' lang='lat' dir='ltr'><strong>Praecipue</strong></span> <span class='ocrx_word' id='word_1_93' title='bbox 251 2049 486 2152; x_wconf 78' lang='lat' dir='ltr'><strong>marginibus</strong></span> <span class='ocrx_word' id='word_1_94' title='bbox 535 2061 814 2157; x_wconf 75' lang='lat' dir='ltr'><strong>unguentorum</strong></span> <span class='ocrx_word' id='word_1_95' title='bbox 857 2046 1079 2124; x_wconf 83' lang='lat' dir='ltr'><strong>ultimorum</strong></span> 
     </span>
     <span class='ocr_line' id='line_1_16' title="bbox 57 2153 1080 2272; baseline -0.004 -30"><span class='ocrx_word' id='word_1_96' title='bbox 57 2153 232 2270; x_wconf 71' lang='lat' dir='ltr'><strong>ferrugineis</strong></span> <span class='ocrx_word' id='word_1_97' title='bbox 260 2185 303 2248; x_wconf 82' lang='lat' dir='ltr'><strong>et</strong></span> <span class='ocrx_word' id='word_1_98' title='bbox 322 2169 529 2248; x_wconf 79' lang='lat' dir='ltr'><strong>femoribus</strong></span> <span class='ocrx_word' id='word_1_99' title='bbox 559 2168 716 2272; x_wconf 80' lang='lat' dir='ltr'><strong>posticia</strong></span> <span class='ocrx_word' id='word_1_100' title='bbox 743 2167 835 2246; x_wconf 80' lang='lat' dir='ltr'><strong>solis</strong></span> <span class='ocrx_word' id='word_1_101' title='bbox 864 2165 980 2268; x_wconf 75' lang='lat' dir='ltr'><strong>nigris</strong></span> <span class='ocrx_word' id='word_1_102' title='bbox 1005 2163 1080 2242; x_wconf 81' lang='lat' dir='ltr'><strong>dit-</strong></span> 
     </span>
     <span class='ocr_line' id='line_1_17' title="bbox 62 2271 1078 2393; baseline 0.002 -33"><span class='ocrx_word' id='word_1_103' title='bbox 62 2271 122 2360; x_wconf 62' lang='lat' dir='ltr'><strong>ione</strong></span> <span class='ocrx_word' id='word_1_104' title='bbox 140 2289 309 2379; x_wconf 84' lang='lat' dir='ltr'><strong>videtur,</strong></span> <span class='ocrx_word' id='word_1_105' title='bbox 335 2289 438 2391; x_wconf 81' lang='lat' dir='ltr'><strong>qnod</strong></span> <span class='ocrx_word' id='word_1_106' title='bbox 466 2289 636 2393; x_wconf 86' lang='lat' dir='ltr'><strong>quidem,</strong></span> <span class='ocrx_word' id='word_1_107' title='bbox 664 2303 762 2367; x_wconf 83' lang='lat' dir='ltr'><strong>teste</strong></span> <span class='ocrx_word' id='word_1_108' title='bbox 785 2285 1078 2390; x_wconf 80' lang='lat' dir='ltr'><strong>Tnantepohlio,</strong></span> 
     </span>
    </p>
   </div>
   <div class='ocr_carea' id='block_1_3' title="bbox 52 2389 1082 2992">
    <p class='ocr_par' dir='ltr' id='par_1_4' title="bbox 52 2389 1082 2876">
     <span class='ocr_line' id='line_1_18' title="bbox 62 2389 1082 2511; baseline 0 -27"><span class='ocrx_word' id='word_1_109' title='bbox 62 2389 537 2511; x_wconf 70' lang='lat' dir='ltr'><strong>levininmoencripnionis,</strong></span> <span class='ocrx_word' id='word_1_110' title='bbox 566 2427 721 2489; x_wconf 81' lang='lat' dir='ltr'><strong>naturae</strong></span> <span class='ocrx_word' id='word_1_111' title='bbox 736 2408 836 2484; x_wconf 88' lang='lat' dir='ltr'><strong>haud</strong></span> <span class='ocrx_word' id='word_1_112' title='bbox 851 2407 1082 2511; x_wconf 79' lang='lat' dir='ltr'><strong>responden·</strong></span> 
     </span>
     <span class='ocr_line' id='line_1_19' title="bbox 58 2515 1082 2632; baseline -0.004 -24"><span class='ocrx_word' id='word_1_113' title='bbox 58 2515 93 2608; x_wconf 71' lang='lat' dir='ltr'><strong>fit</strong></span> <span class='ocrx_word' id='word_1_114' title='bbox 111 2545 167 2620; x_wconf 78' lang='lat' dir='ltr'><strong>eat,</strong></span> <span class='ocrx_word' id='word_1_115' title='bbox 194 2558 285 2608; x_wconf 85' lang='lat' dir='ltr'><strong>oum</strong></span> <span class='ocrx_word' id='word_1_116' title='bbox 299 2529 508 2632; x_wconf 71' lang='lat' dir='ltr'><strong>descriptio</strong></span> <span class='ocrx_word' id='word_1_117' title='bbox 522 2527 845 2632; x_wconf 81' lang='lat' dir='ltr'><strong>Tnentepohliena</strong></span> <span class='ocrx_word' id='word_1_118' title='bbox 865 2527 1082 2604; x_wconf 87' lang='lat' dir='ltr'><strong>individuo·</strong></span> 
     </span>
     <span class='ocr_line' id='line_1_20' title="bbox 54 2648 1081 2740; baseline 0.001 -14"><span class='ocrx_word' id='word_1_119' title='bbox 54 2661 116 2736; x_wconf 76' lang='lat' dir='ltr'><strong>nn,</strong></span> <span class='ocrx_word' id='word_1_120' title='bbox 137 2650 320 2730; x_wconf 80' lang='lat' dir='ltr'><strong>inmneeo</strong></span> <span class='ocrx_word' id='word_1_121' title='bbox 334 2648 500 2728; x_wconf 76' lang='lat' dir='ltr'><strong>Fabricii</strong></span> <span class='ocrx_word' id='word_1_122' title='bbox 516 2667 803 2740; x_wconf 74' lang='lat' dir='ltr'><strong>asservatornm,</strong></span> <span class='ocrx_word' id='word_1_123' title='bbox 824 2649 980 2728; x_wconf 90' lang='lat' dir='ltr'><strong>omnino</strong></span> <span class='ocrx_word' id='word_1_124' title='bbox 993 2673 1081 2727; x_wconf 85' lang='lat' dir='ltr'><strong>oum</strong></span> 
     </span>
     <span class='ocr_line' id='line_1_21' title="bbox 52 2767 501 2876; baseline 0 -30"><span class='ocrx_word' id='word_1_125' title='bbox 52 2781 144 2846; x_wconf 70' lang='lat' dir='ltr'><strong>noum</strong></span> <span class='ocrx_word' id='word_1_126' title='bbox 161 2774 292 2876; x_wconf 73' lang='lat' dir='ltr'><strong>specie</strong></span> <span class='ocrx_word' id='word_1_127' title='bbox 314 2767 501 2873; x_wconf 73' lang='lat' dir='ltr'><strong>congruit</strong></span> 
     </span>
    </p>

    <p class='ocr_par' dir='ltr' id='par_1_5' title="bbox 102 2885 1082 2992">
     <span class='ocr_line' id='line_1_22' title="bbox 102 2885 1082 2992; baseline -0.005 -26"><span class='ocrx_word' id='word_1_128' title='bbox 102 2889 299 2973; x_wconf 76' lang='lat' dir='ltr'><strong>sctaefferi</strong></span> <span class='ocrx_word' id='word_1_129' title='bbox 325 2893 429 2970; x_wconf 86' lang='lat' dir='ltr'><strong>leon.</strong></span> <span class='ocrx_word' id='word_1_130' title='bbox 459 2890 535 2968; x_wconf 88' lang='lat' dir='ltr'><strong>tab.</strong></span> <span class='ocrx_word' id='word_1_131' title='bbox 565 2898 632 2982; x_wconf 87' lang='grc'><strong>61,</strong></span> <span class='ocrx_word' id='word_1_132' title='bbox 659 2891 722 2992; x_wconf 80' lang='lat' dir='ltr'><strong>fig.</strong></span> <span class='ocrx_word' id='word_1_133' title='bbox 752 2897 777 2970; x_wconf 87' lang='grc'><strong>7</strong></span> <span class='ocrx_word' id='word_1_134' title='bbox 803 2887 879 2967; x_wconf 88' lang='lat' dir='ltr'><strong>huo</strong></span> <span class='ocrx_word' id='word_1_135' title='bbox 903 2885 1082 2990; x_wconf 79' lang='lat' dir='ltr'><strong>pertinet,</strong></span> 
     </span>
    </p>
   </div>
   <div class='ocr_carea' id='block_1_4' title="bbox 46 3009 1092 4175">
    <p class='ocr_par' dir='ltr' id='par_1_6' title="bbox 47 3009 1087 3696">
     <span class='ocr_line' id='line_1_23' title="bbox 49 3009 1084 3110; baseline -0.004 -22"><span class='ocrx_word' id='word_1_136' title='bbox 49 3025 98 3080; x_wconf 70' lang='lat' dir='ltr'><strong>11oe</strong></span> <span class='ocrx_word' id='word_1_137' title='bbox 117 3012 161 3088; x_wconf 85' lang='lat' dir='ltr'><strong>ad</strong></span> <span class='ocrx_word' id='word_1_138' title='bbox 183 3015 363 3094; x_wconf 80' lang='lat' dir='ltr'><strong>feminam</strong></span> <span class='ocrx_word' id='word_1_139' title='bbox 391 3013 499 3092; x_wconf 83' lang='lat' dir='ltr'><strong>Icinn.</strong></span> <span class='ocrx_word' id='word_1_140' title='bbox 522 3012 720 3094; x_wconf 79' lang='lat' dir='ltr'><strong>vodotorii</strong></span> <span class='ocrx_word' id='word_1_141' title='bbox 745 3009 797 3110; x_wconf 91' lang='lat' dir='ltr'><strong>(i.</strong></span> <span class='ocrx_word' id='word_1_142' title='bbox 821 3035 855 3086; x_wconf 89' lang='lat' dir='ltr'><strong>e.</strong></span> <span class='ocrx_word' id='word_1_143' title='bbox 883 3009 1084 3087; x_wconf 80' lang='lat' dir='ltr'><strong>aurciton‘i</strong></span> 
     </span>
     <span class='ocr_line' id='line_1_24' title="bbox 48 3117 1083 3238; baseline 0.001 -41"><span class='ocrx_word' id='word_1_144' title='bbox 48 3117 161 3232; x_wconf 75' lang='lat' dir='ltr'><strong>Pana),</strong></span> <span class='ocrx_word' id='word_1_145' title='bbox 186 3161 277 3212; x_wconf 85' lang='lat' dir='ltr'><strong>enm</strong></span> <span class='ocrx_word' id='word_1_146' title='bbox 291 3161 366 3238; x_wconf 84' lang='lat' dir='ltr'><strong>qua</strong></span> <span class='ocrx_word' id='word_1_147' title='bbox 380 3135 522 3212; x_wconf 80' lang='lat' dir='ltr'><strong>Panzer</strong></span> <span class='ocrx_word' id='word_1_148' title='bbox 537 3160 619 3210; x_wconf 85' lang='lat' dir='ltr'><strong>eum</strong></span> <span class='ocrx_word' id='word_1_149' title='bbox 634 3126 846 3230; x_wconf 83' lang='lat' dir='ltr'><strong>conjunxit.</strong></span> <span class='ocrx_word' id='word_1_150' title='bbox 888 3123 1083 3204; x_wconf 81' lang='lat' dir='ltr'><strong>Bonowski</strong></span> 
     </span>
     <span class='ocr_line' id='line_1_25' title="bbox 48 3233 1082 3334; baseline 0.003 -17"><span class='ocrx_word' id='word_1_151' title='bbox 48 3233 121 3322; x_wconf 84' lang='lat' dir='ltr'><strong>hane</strong></span> <span class='ocrx_word' id='word_1_152' title='bbox 136 3251 283 3333; x_wconf 87' lang='lat' dir='ltr'><strong>iconem</strong></span> <span class='ocrx_word' id='word_1_153' title='bbox 305 3253 400 3332; x_wconf 85' lang='lat' dir='ltr'><strong>adeo</strong></span> <span class='ocrx_word' id='word_1_154' title='bbox 420 3255 466 3330; x_wconf 90' lang='lat' dir='ltr'><strong>ad</strong></span> <span class='ocrx_word' id='word_1_155' title='bbox 487 3256 594 3334; x_wconf 77' lang='lat' dir='ltr'><strong>lehn.</strong></span> <span class='ocrx_word' id='word_1_156' title='bbox 611 3255 872 3330; x_wconf 74' lang='lat' dir='ltr'><strong>extensortum</strong></span> <span class='ocrx_word' id='word_1_157' title='bbox 896 3243 1082 3322; x_wconf 83' lang='lat' dir='ltr'><strong>adhibuit.</strong></span> 
     </span>
     <span class='ocr_line' id='line_1_26' title="bbox 47 3364 1086 3479; baseline -0.005 -30"><span class='ocrx_word' id='word_1_158' title='bbox 47 3397 84 3422; x_wconf 82' lang='lat'><strong>·-</strong></span> <span class='ocrx_word' id='word_1_159' title='bbox 104 3369 186 3450; x_wconf 86' lang='lat' dir='ltr'><strong>Tab.</strong></span> <span class='ocrx_word' id='word_1_160' title='bbox 212 3383 305 3466; x_wconf 89' lang='grc'><strong>116,</strong></span> <span class='ocrx_word' id='word_1_161' title='bbox 333 3376 395 3477; x_wconf 81' lang='lat' dir='ltr'><strong>fig.</strong></span> <span class='ocrx_word' id='word_1_162' title='bbox 420 3382 444 3454; x_wconf 93' lang='grc'><strong>6</strong></span> <span class='ocrx_word' id='word_1_163' title='bbox 464 3374 619 3479; x_wconf 89' lang='lat' dir='ltr'><strong>quidem</strong></span> <span class='ocrx_word' id='word_1_164' title='bbox 643 3376 887 3448; x_wconf 77' lang='lat' dir='ltr'><strong>amatorium</strong></span> <span class='ocrx_word' id='word_1_165' title='bbox 906 3364 1086 3445; x_wconf 80' lang='lat' dir='ltr'><strong>exhibere</strong></span> 
     </span>
     <span class='ocr_line' id='line_1_27' title="bbox 47 3482 1087 3596; baseline -0.01 -18"><span class='ocrx_word' id='word_1_166' title='bbox 47 3499 162 3581; x_wconf 69' lang='grc' dir='ltr'><strong>Ρθῐὲιῐ,</strong></span> <span class='ocrx_word' id='word_1_167' title='bbox 188 3495 313 3573; x_wconf 85' lang='lat' dir='ltr'><strong>minna</strong></span> <span class='ocrx_word' id='word_1_168' title='bbox 328 3511 504 3572; x_wconf 83' lang='lat' dir='ltr'><strong>accurate</strong></span> <span class='ocrx_word' id='word_1_169' title='bbox 526 3509 650 3573; x_wconf 84' lang='lat' dir='ltr'><strong>autem</strong></span> <span class='ocrx_word' id='word_1_170' title='bbox 666 3517 780 3596; x_wconf 83' lang='lat' dir='ltr'><strong>quom</strong></span> <span class='ocrx_word' id='word_1_171' title='bbox 794 3482 870 3568; x_wconf 86' lang='lat' dir='ltr'><strong>tub.</strong></span> <span class='ocrx_word' id='word_1_172' title='bbox 887 3495 956 3578; x_wconf 90' lang='grc'><strong>61,</strong></span> <span class='ocrx_word' id='word_1_173' title='bbox 982 3487 1045 3590; x_wconf 82' lang='lat' dir='ltr'><strong>fig.</strong></span> <span class='ocrx_word' id='word_1_174' title='bbox 1062 3493 1087 3568; x_wconf 89' lang='grc'><strong>7</strong></span> 
     </span>
     <span class='ocr_line' id='line_1_28' title="bbox 47 3600 727 3696; baseline -0.012 0"><span class='ocrx_word' id='word_1_175' title='bbox 47 3600 124 3696; x_wconf 74' lang='lat' dir='ltr'><strong>tien</strong></span> <span class='ocrx_word' id='word_1_176' title='bbox 137 3628 205 3692; x_wconf 86' lang='lat' dir='ltr'><strong>eat.</strong></span> <span class='ocrx_word' id='word_1_177' title='bbox 260 3615 443 3692; x_wconf 66' lang='lat' dir='ltr'><strong>Conferat</strong></span> <span class='ocrx_word' id='word_1_178' title='bbox 461 3615 567 3694; x_wconf 85' lang='lat' dir='ltr'><strong>lehn.</strong></span> <span class='ocrx_word' id='word_1_179' title='bbox 585 3643 620 3692; x_wconf 89' lang='lat' dir='ltr'><strong>n.</strong></span> <span class='ocrx_word' id='word_1_180' title='bbox 642 3617 727 3694; x_wconf 85' lang='lat'><strong>114.</strong></span> 
     </span>
    </p>

    <p class='ocr_par' dir='ltr' id='par_1_7' title="bbox 46 3726 1092 4175">
     <span class='ocr_line' id='line_1_29' title="bbox 101 3726 1088 3840; baseline -0.009 -29"><span class='ocrx_word' id='word_1_181' title='bbox 101 3729 157 3810; x_wconf 87' lang='lat' dir='ltr'><strong>De</strong></span> <span class='ocrx_word' id='word_1_182' title='bbox 193 3735 451 3816; x_wconf 74' lang='lat' dir='ltr'><strong>ichneumone</strong></span> <span class='ocrx_word' id='word_1_183' title='bbox 485 3734 682 3840; x_wconf 71' lang='lat' dir='ltr'><strong>pntcteuo</strong></span> <span class='ocrx_word' id='word_1_184' title='bbox 720 3727 851 3806; x_wconf 81' lang='lat' dir='ltr'><strong>Christ</strong></span> <span class='ocrx_word' id='word_1_185' title='bbox 891 3726 1088 3832; x_wconf 75' lang='lat' dir='ltr'><strong>ambigunt</strong></span> 
     </span>
     <span class='ocr_line' id='line_1_30' title="bbox 47 3850 1090 3938; baseline -0.018 1"><span class='ocrx_word' id='word_1_186' title='bbox 47 3861 125 3938; x_wconf 67' lang='lat'><strong>⁸¹¹¹¹¹2</strong></span> <span class='ocrx_word' id='word_1_187' title='bbox 147 3853 278 3934; x_wconf 77' lang='lat' dir='ltr'><strong>differt</strong></span> <span class='ocrx_word' id='word_1_188' title='bbox 305 3856 408 3936; x_wconf 84' lang='lat' dir='ltr'><strong>enim</strong></span> <span class='ocrx_word' id='word_1_189' title='bbox 429 3883 452 3933; x_wconf 86' lang='lat' dir='ltr'><strong>a</strong></span> <span class='ocrx_word' id='word_1_190' title='bbox 473 3871 603 3932; x_wconf 82' lang='lat' dir='ltr'><strong>nostro</strong></span> <span class='ocrx_word' id='word_1_191' title='bbox 623 3857 826 3931; x_wconf 77' lang='lat' dir='ltr'><strong>omotario</strong></span> <span class='ocrx_word' id='word_1_192' title='bbox 846 3850 947 3931; x_wconf 82' lang='lat' dir='ltr'><strong>linea</strong></span> <span class='ocrx_word' id='word_1_193' title='bbox 968 3864 1090 3926; x_wconf 82' lang='lat' dir='ltr'><strong>trann-</strong></span> 
     </span>
     <span class='ocr_line' id='line_1_31' title="bbox 46 3965 1092 4073; baseline -0.004 -29"><span class='ocrx_word' id='word_1_194' title='bbox 46 3973 159 4050; x_wconf 69' lang='lat' dir='ltr'><strong>venali</strong></span> <span class='ocrx_word' id='word_1_195' title='bbox 178 3977 276 4056; x_wconf 81' lang='lat' dir='ltr'><strong>flava</strong></span> <span class='ocrx_word' id='word_1_196' title='bbox 301 3976 400 4064; x_wconf 75' lang='lat' dir='ltr'><strong>inim</strong></span> <span class='ocrx_word' id='word_1_197' title='bbox 427 3975 633 4056; x_wconf 79' lang='lat' dir='ltr'><strong>nontallum</strong></span> <span class='ocrx_word' id='word_1_198' title='bbox 659 3987 702 4052; x_wconf 84' lang='lat' dir='ltr'><strong>at</strong></span> <span class='ocrx_word' id='word_1_199' title='bbox 728 3975 796 4073; x_wconf 83' lang='lat' dir='ltr'><strong>(ax</strong></span> <span class='ocrx_word' id='word_1_200' title='bbox 815 3971 948 4072; x_wconf 81' lang='lat' dir='ltr'><strong>icone)</strong></span> <span class='ocrx_word' id='word_1_201' title='bbox 973 3965 1092 4046; x_wconf 83' lang='lat' dir='ltr'><strong>abdo·</strong></span> 
     </span>
     <span class='ocr_line' id='line_1_32' title="bbox 46 4083 290 4175; baseline 0.049 -12"><span class='ocrx_word' id='word_1_202' title='bbox 46 4083 126 4166; x_wconf 79' lang='lat' dir='ltr'><strong>mine</strong></span> <span class='ocrx_word' id='word_1_203' title='bbox 145 4093 290 4175; x_wconf 78' lang='lat' dir='ltr'><strong>latiore.</strong></span> 
     </span>
    </p>
   </div>
   <div class='ocr_carea' id='block_1_5' title="bbox 0 0 1357 4810">
    <p class='ocr_par' dir='ltr' id='par_1_8' title="bbox 0 0 1357 4810">
     <span class='ocr_line' id='line_1_33' title="bbox 0 0 1357 4810; baseline 0 0"><span class='ocrx_word' id='word_1_204' title='bbox 0 0 1357 4810; x_wconf 95' lang='lat' dir='ltr'><strong> </strong></span> 
     </span>
    </p>
   </div>
  </div>
 </body>
</html>
