2666 4812
205 385 286 464 ⁶82
609 401 882 462 tcaasuuos
926 431 930 439 Δ

209 559 614 674 cylindricogibbulus.
682 561 789 647 Alce
816 557 1071 658 subiumatae,
1105 565 1289 670 stigmate

210 693 322 796 piceo
346 704 412 764 aut
433 688 521 765 ruso
534 704 602 765 aut
614 689 733 778 tusco,
761 689 868 764 radio
881 689 1127 778 tumescente,
1154 687 1292 766 radice

213 810 432 900 straminea,
460 811 657 912 squamula
673 809 873 884 straminea
894 827 961 886 aut
974 810 1083 914 picea
1106 823 1171 882 aut
1188 807 1290 884 rufa.

213 929 337 1009 Pedes
356 931 445 1019 rufi,
472 930 612 1033 postici
635 928 739 1004 coxis
765 929 895 1004 subtus
910 931 1025 1007 dente
1039 953 1156 1030 parvo
1172 945 1293 1004 acuto

212 1052 386 1141 armatis,
411 1047 875 1151 semorum'tibiarumque
890 1051 1000 1153 apice
1020 1050 1144 1151 rigam
1170 1050 1298 1126 inter-

215 1175 305 1248 dum
325 1171 430 1247 coxis
451 1187 492 1246 et
510 1167 818 1246 trochauteribus
833 1169 969 1244 antitis
982 1169 1294 1247 flavescentibus.

214 1292 418 1374 Abdomcn
446 1290 581 1392 capitis
601 1287 845 1392 thoracisque
866 1289 1106 1391 longitudine
1133 1304 1173 1364 et
1205 1289 1297 1364 lati·

215 1413 367 1491 tudines
403 1409 598 1512 segmento
622 1420 641 1488 1
668 1407 771 1498 rufo,
806 1410 1032 1512 plerumque
1052 1409 1205 1511 petiolo
1229 1409 1294 1485 rel

217 1549 302 1609 toto
329 1532 392 1607 vel
413 1530 493 1604 sola
512 1528 597 1629 ejus
627 1529 706 1604 basi
736 1528 861 1630 nigro,
896 1529 1017 1604 rarius
1046 1528 1154 1630 aigro
1183 1529 1295 1632 apice

218 1654 324 1738 ruso;
351 1655 454 1729 2-4
470 1651 571 1739 rufis,
601 1649 828 1728 dinterdum
845 1649 1013 1750 margine
1028 1647 1150 1749 nigro.
1186 1653 1294 1728 Acu-

220 1777 303 1854 teus
322 1768 566 1845 brevissimus
591 1769 844 1846 subessentus.

298 1887 496 1968 Indiuidua
539 1890 738 1993 quaedam,
791 1890 892 1964 circa
933 1886 1210 1968 Vindobonum
1256 1905 1297 1968 et

226 2008 488 2090 Wurmdrunn
509 2025 636 2112 capta,
665 2009 759 2084 mihi
775 2008 992 2085 transmissa
1008 2023 1109 2084 sunt.
1163 2011 1295 2086 Unum

223 2159 245 2210 e
285 2132 491 2207 Lusitania
531 2129 610 2207 vidi
650 2130 692 2206 in
723 2155 855 2206 museo
888 2134 1052 2208 Comitis
1090 2127 1140 2208 de
1171 2127 1300 2234 Hoff-

225 2275 442 2352 monnsegg.

615 2471 903 2548 Varietatess

308 2619 340 2687 1.
368 2610 573 2706 Segmento
605 2616 732 2712 primo
765 2625 804 2686 et
835 2613 983 2688 ultimis
1013 2614 1146 2709 nigris.
1182 2609 1210 2689 f.
1246 2655 1298 2672 -

230 2733 358 2830 Caput
373 2726 561 2802 interdum
575 2729 702 2832 clypei
719 2729 864 2804 macula
879 2727 983 2804 fulva
997 2743 1062 2802 aut
1078 2733 1294 2810 straminea.

229 2846 513 2924 Trocltnnteres
547 2849 662 2925 medii
700 2849 889 2925 interdum
916 2848 1146 2928 flavicantes.
1217 2853 1294 2932 At

230 2971 367 3050 domen
385 2971 586 3068 segmentis
607 2972 810 3048 2—4-5
824 2971 925 3060 rufis,
955 2970 1184 3050 tintardum
1200 3001 1295 3050 mar-

228 3090 315 3192 gine
344 3088 563 3189 nigricante.
587 3131 639 3166 -.-
659 3090 818 3166 Caetera
845 3116 933 3168 cum
961 3090 1102 3168 semim
1132 3095 1295 3194 genuina

227 3210 472 3286 conveniunt.

305 3329 502 3404 Indiuidua
524 3329 718 3431 quaedam,
746 3327 847 3406 circa
859 3329 1004 3435 Netley
1019 3331 1062 3410 V
1059 3330 1297 3413 indodonurn

227 3463 268 3528 et
288 3451 461 3528 Genuum
483 3464 611 3553 capta,
639 3451 783 3554 accepi.

303 3699 339 3770 2.
367 3691 574 3789 Segmento
598 3698 726 3794 primo
754 3705 793 3767 et
813 3690 982 3779 ultimis,
1015 3717 1084 3769 nec
1110 3720 1190 3772 non
1214 3695 1299 3776 duri

226 3835 438 3899 coxarum,
466 3820 598 3912 nigris.
627 3812 653 3887 s.
675 3853 729 3870 --
749 3807 954 3888 Abdomen
975 3829 1172 3914 segmento
1198 3825 1218 3896 1
1239 3817 1299 3893 ui·

225 3953 293 4032 gro
312 3929 479 4032 margine
497 3935 601 4023 rufo,
629 3938 744 4014 2-4
763 3931 872 4021 rufis,
899 3930 1027 4010 sruto
1046 3934 1157 4035 apice
1172 3937 1297 4040 nigro,

226 4050 472 4152 sequentibus
500 4053 630 4158 nigris.
666 4095 718 4115 -
750 4052 909 4131 Caetera
941 4049 1042 4130 sicut
1076 4053 1118 4131 in
1150 4051 1297 4134 semina

224 4193 397 4270 genuina.
