2658 4806
262 313 342 396 loo
608 316 932 398 :sarmasiae
954 329 994 382 ’.τ

517 627 574 694 51.
620 619 647 687 l.
669 620 1038 692 PALIlDATORIUS.
1079 617 1129 688 n.‘

461 789 557 858 Facie
586 786 676 871 alba3
703 789 844 878 pedibus
875 793 1095 860 anterioribus
1124 788 1291 866 stramineis,

461 889 645 958 semoribus
677 905 810 958 externe
845 895 1012 979 obscuris3
1042 894 1174 988 posticis
1197 889 1291 981 nigris,

460 991 618 1062 tibiarum
643 993 717 1061 basi
740 991 825 1065 alba.
867 1019 912 1063 m.

335 1223 505 1298 Statura
519 1237 559 1297 et
572 1221 771 1325 proportio
793 1223 958 1324 partium
973 1217 1292 1317 Iatneamoaasa-

259 1345 486 1432 brioatoris,
513 1341 578 1418 sed
606 1343 756 1446 petiolo
779 1345 973 1437 tenuiore;
1000 1345 1123 1423 affinis
1147 1357 1201 1420 est
1220 1335 1292 1414 leta

258 1469 434 1542 mamam·
454 1469 638 1566 protensi
1025 1460 1030 1473 '

268 1629 274 1638 ·
335 1583 557 1684 longitudo
583 1585 700 1664 8-5
719 1583 919 1662 linearum.
975 1589 1106 1690 Caput
1123 1579 1212 1659 sacia
1227 1597 1296 1651 ore·

259 1731 350 1810 que,
378 1703 604 1806 plerumque
631 1701 745 1778 etiam
767 1703 902 1782 orbitis
929 1709 1130 1784 oculorum
1156 1693 1297 1792 arsamis

258 1824 495 1928 etsupernis,
511 1821 689 1898 eborinis.
717 1827 921 1903 Antennoe
932 1828 1067 1904 subtus
1080 1823 1296 1903 sordidata·

257 1949 404 2024 mineae
431 1959 497 2018 aut
522 1940 885 2045 fusooferrugineae,
914 1945 1079 2024 articulo
1099 1943 1214 2050 primo
1230 1935 1296 2038 ple·

256 2093 416 2171 rumque
435 2061 576 2139 albido.
631 2062 801 2140 Thorax
815 2065 1045 2170 plerumque
1064 2064 1200 2143 lineola
1218 2053 1295 2132 intra

257 2189 478 2272 scutellum,
506 2181 648 2257 lineola
670 2207 736 2258 seu
756 2201 900 2284 puncto
921 2201 1011 2264 ante
1029 2187 1107 2264 alas
1122 2187 1296 2278 alteroque

256 2310 353 2385 inira
370 2307 465 2392 alas,
493 2301 684 2376 interdum
700 2301 813 2378 etiam
829 2305 922 2381 colli
946 2307 1176 2412 marginibus
1190 2315 1225 2378 et
1237 2317 1297 2373 ma·

191 2471 194 2477 ·
257 2427 354 2502 aulis
381 2423 524 2516 duabus
553 2420 826 2523 pectoralibus,
854 2423 963 2502 albis.
1013 2429 1226 2526 ‘scutellum
1247 2410 1297 2492 sel

255 2561 397 2634 totum,
425 2543 487 2618 val
509 2555 655 2617 tantum
677 2540 800 2641 apice,
829 2543 969 2620 album.
1023 2553 1134 2642 ,Αιας
1149 2538 1300 2648 hyalinad

255 2679 322 2741 aut
338 2658 748 2775 subiumatobyalinae,
775 2660 934 2772 irideae3
962 2667 1139 2772 stigmate
1158 2681 1194 2743 et
1213 2656 1297 2738 radio

255 2784 375 2889 piceis
400 2798 464 2857 aut
489 2781 625 2871 fuscis,
652 2779 780 2854 radice·
795 2785 845 2856 'et
867 2791 1065 2887 aquamola
1094 2785 1223 2864 albidis
1248 2787 1298 2854 aut

256 2902 535 2990 flavioribus,
564 2899 636 2976 bac
662 2899 852 2998 interdum
873 2923 1018 3005 puncto
1041 2903 1169 2996 lusco3
1196 2895 1297 2980 areola

256 3020 561 3126 subtriangulari.
615 3021 739 3099 Pedes
757 3023 961 3102 anteriores
977 3025 1190 3116 straminei,
1214 3016 1299 3098 coxit

254 3161 294 3222 et
305 3141 607 3221 trochanteribus
624 3141 772 3230 albidis,
788 3142 907 3220 rarius
923 3143 1003 3222 basi
1019 3146 1148 3239 sus‘cis,
1168 3136 1300 3223 femori·

253 3266 324 3341 bus
340 3266 459 3341 latere
475 3289 644 3340 convexo
657 3261 775 3338 luscis
791 3264 911 3341 rarius
928 3267 1057 3370 nigris,
1086 3271 1191 3347 tibiis
1204 3267 1302 3342 inter·

255 3385 345 3458 dum
359 3399 513 3459 externe
527 3383 642 3457 luscis
657 3383 805 3460 interne
823 3381 975 3478 albidis,
1003 3393 1119 3470 tarsis
1133 3384 1300 3466 interdum,

253 3501 436 3576 exalbidis
465 3501 628 3574 articulo
655 3502 779 3603 primo
807 3505 934 3596 fusco,
960 3514 1104 3611 postici
1134 3509 1226 3613 nigri
1250 3511 1302 3577 ⁸¹¹¹

252 3619 476 3721 nigrolusci,
516 3621 742 3726 plerumque
775 3626 961 3704 femorum
996 3633 1098 3724 basi,
1133 3625 1303 3708 interdum

252 3741 367 3819 ctiam
384 3759 561 3817 coxarum
584 3759 624 3818 et
643 3743 923 3824 trocbanterum
937 3751 1077 3853 apice,
1108 3742 1301 3828 stranrineis

251 3875 319 3936 aut
332 3859 480 3952 albidis,
500 3863 677 3940 tibiarum
691 3866 771 3942 basi
790 3871 989 3946 straminea
1007 3889 1077 3947 aut
1089 3861 1224 3960 albida,
1242 3885 1303 3942 tar·

250 3979 301 4055 sis
328 3980 454 4056 medio
483 3984 708 4089 plerumque
736 3986 884 4066 albidis.
939 3989 1149 4074 Abdomen
1173 3992 1303 4096 nigrum

249 4112 317 4176 aut
330 4100 489 4194 fuscum,
506 4104 781 4198 subsericam
807 4123 1209 4212 segmentooesammo
1223 4129 1305 4185 mar·
