2726 4810
327 371 378 424 ιι.
405 369 572 424 rannus
600 359 1116 442 sextantum

58 533 363 638 vatm,vagina's
380 535 507 612 aculei
529 559 680 644 semper
697 535 796 639 apici
821 537 1070 615 abdominis
1059 569 1120 618 ιιι-

55 673 159 733 sutas
181 680 288 746 esse,
314 655 404 730 dum
421 655 589 745 terebra,
617 655 732 758 longe
751 683 771 732 a
791 657 910 733 loco
900 637 1119 738 insertionis

49 779 267 881 saginarum
290 791 451 865 remota,
483 775 658 850 deorsum
678 777 793 865 flexa,
825 795 999 856 ereutre
1020 781 1115 885 ipso,

43 895 238 972 interilum
251 921 274 970 e
287 895 411 971 tedia
425 911 534 997 parte
547 895 700 986 ventris,
720 897 921 999 provenire
934 899 1117 980 videatur.

42 1017 248 1118 (inoffi-oy,
269 1015 311 1090 in
323 1014 540 1091 Voluminis
556 999 711 1092 secundi
724 1017 859 1118 pagina
875 1021 951 1096 315
964 1021 1118 1120 quidem

41 1137 154 1228 dicit,
199 1135 392 1212 terebram
424 1135 526 1210 nasci
554 1135 602 1210 ab
628 1135 867 1212 extremitate
894 1137 1117 1234 abdominis,

41 1261 200 1360 vaginas
222 1271 349 1331 autem
366 1255 413 1331 ab
434 1255 552 1332 intera
575 1249 664 1357 ejus'
674 1270 798 1358 parte,
826 1256 943 1358 paulo
962 1259 1032 1335 sub
1054 1287 1121 1336 ex·

41 1371 261 1464 tremitate3
294 1376 361 1450 sed
388 1376 489 1478 quod
517 1391 651 1453 auctor
676 1373 740 1450 hic
769 1375 817 1452 de
835 1379 985 1454 terebra
1011 1379 1118 1471 dicit,

40 1499 172 1602 potins
205 1495 256 1572 ad
277 1495 429 1597 vaginas
455 1493 709 1570 adhibendum
731 1509 807 1586 est,
835 1511 875 1572 ct
895 1499 979 1574 vice
997 1525 1116 1576 versat

42 1621 142 1697 llaec
156 1643 225 1695 res
239 1631 367 1693 autem
381 1615 433 1690 ita
447 1641 488 1690 ae
500 1611 632 1688 habet:
652 1614 821 1717 Vaginee
834 1615 933 1718 parti
947 1597 1120 1722 posticae

43 1737 234 1843 segmenti
251 1734 377 1813 ultimi
392 1733 536 1811 adfixae
549 1747 654 1824 sunt3
680 1734 822 1811 canalis
841 1749 977 1825 autem,
1005 1763 1119 1840 qnam

44 1862 205 1962 saginae
227 1853 558 1956 semicylindricae
584 1855 820 1956 compositae
840 1855 1037 1946 exhibent,
1071 1851 1120 1932 at

47 1979 212 2056 radicem
232 1973 454 2077 vaginarum
480 1973 520 2048 in
539 1961 673 2048 rimam
689 1975 898 2050 ventralem
921 1975 1121 2054 continua-

52 2111 129 2187 tnr,
160 2099 253 2176 inde
279 2119 402 2198 usqne
427 2093 473 2169 ad
496 2106 730 2194 segmentum
753 2109 899 2170 sextum
923 2110 988 2170 aut
1008 2095 1121 2197 quiu-

61 2229 139 2289 tnm
160 2218 434 2319 prolongatam.
494 2210 678 2302 Terebra,
711 2239 809 2317 quae
834 2215 904 2290 sub
924 2210 1120 2317 segmento

65 2348 165 2410 sexto
187 2352 246 2414 ant
267 2335 406 2439 quinto
426 2334 565 2408 inserta
586 2357 669 2408 esse
689 2335 856 2426 videtur,
891 2336 967 2412 situ
987 2337 1119 2440 quieto

58 2479 179 2534 versus
199 2457 350 2560 apicem
366 2453 577 2529 abdominis
591 2465 781 2558 porrecta,
810 2455 937 2530 arima
957 2455 1120 2532 ventrali

52 2577 241 2716 excipitur
267 2575 460 2680 planeque
489 2573 750 2665 absconditur,
793 2574 835 2650 in
867 2574 977 2677 apice
1003 2575 1120 2650 abdo·

49 2697 158 2775 minis
189 2711 320 2776 autem
344 2693 490 2832 vaginis
516 2695 762 2797 amplectitur
785 2708 826 2770 et
854 2694 894 2770 ln
917 2694 996 2771 illis
1019 2675 1119 2772 ultra

48 2818 237 2898 abdomen
258 2813 477 2919 porrigitur
532 2813 794 2890 Coleocentris
813 2829 854 2890 et
872 2815 998 2899 brutis
1018 2815 1120 2891 basis

46 2939 240 3028 terebrat,
267 2950 350 3025 aut,
378 2933 482 3037 quod
502 2933 603 3010 idem
618 2949 694 3026 eat,
721 2935 815 3010 rima
831 2934 1030 3024 vennatis,
1057 2935 1121 3010 vel
1169 2969 1178 2982 ν

44 3073 124 3137 tota
161 3057 230 3136 vel
257 3079 329 3160 pro
356 3068 482 3159 parta,
524 3054 682 3132 vulvula·
700 3053 862 3133 ventrali
891 3051 1121 3160 horizontall

45 3203 220 3258 convexa
260 3175 490 3264 acuminata,
534 3173 644 3276 apiae
681 3173 874 3273 elongata,
915 3167 1119 3269 obtegitur.
1207 3267 1217 3280 ι

44 3301 141 3380 Aliis
170 3295 392 3402 speciebus,
433 3319 465 3371 e.
491 3319 524 3396 g.
552 3288 684 3368 multis
721 3289 894 3392 Cryptis,
932 3303 1122 3390 segmenta

46 3415 276 3497 intermedia
290 3427 423 3493 ventre
437 3411 719 3517 receptaculum
741 3411 893 3488 brevius
906 3407 1122 3489 tectilorme
1176 3431 1179 3438 '

46 3539 253 3624 exhibent,
280 3533 557 3637 equoterebra
574 3532 775 3637 provenire
789 3531 950 3607 videtur.
1008 3531 1123 3628 Quod

47 3675 179 3736 autem
192 3655 308 3731 modo
322 3655 371 3732 de
385 3652 592 3730 insertione
602 3651 773 3732 tenebrae
785 3652 833 3727 ad
846 3665 1015 3729 ventrem
1029 3651 1121 3744 dini,

46 3779 177 3881 primo
204 3775 387 3878 adspectu
412 3773 565 3877 quidem
587 3773 639 3850 ita
665 3797 748 3849 esse
768 3771 935 3862 videtur,
967 3797 1009 3847 rc
1034 3797 1126 3849 vera

48 3913 181 3975 autem
193 3895 308 3972 aliter
321 3909 399 3970 ests
413 3893 614 4028 segmento
630 3891 767 3969 ultimo
781 3919 848 3970 seu
861 3906 1006 3980 octavo,
1020 3891 1125 3993 quod

49 4016 90 4092 in
104 4011 278 4117 Rhyasis,
293 4013 363 4092 snb
377 4011 507 4148 specie
520 4011 683 4089 laminae
697 4009 1009 4113 subtrinngularis
1026 4009 1125 4088 inira

51 4149 293 4240 segmemmn
312 4131 515 4238 septimum
534 4145 698 4240 prostat,
724 4130 915 4238 appendis
936 4127 1047 4210 affixa
1064 4145 1125 4210 cst
