2698 4802
225 299 298 373 166
619 311 888 368 rounaurron

217 479 329 560 lein
349 493 601 558 corruscotor
618 478 780 572 Villera,
806 504 844 584 p.
865 483 957 569 166,
984 503 1022 556 ιι.
1037 481 1107 572 97;
1133 475 1295 584 tungris

391 647 395 654 ·
432 598 532 674 circa
552 599 791 701 Lugdunum.

272 773 295 809 „
347 719 454 793 iiossi
472 749 507 794 n.
522 725 617 806 764;
644 721 683 794 in
697 718 826 821 pratis.

272 892 295 927 „
349 838 475 914 Gmel.
499 838 558 914 ed.
578 835 686 913 Linn.
712 863 750 941 p.
764 845 886 926 2690,
913 863 951 912 u.
968 843 1032 916 31.

273 1012 296 1047 ‚,
350 957 481 1032 Christ
499 985 537 1061 p.
552 965 641 1036 866.

274 1133 295 1166 „
350 1078 515 1168 Olivier,
543 1105 580 1180 p.
600 1076 692 1164 186,
719 1104 756 1150 u.
784 1083 870 1154 108.

222 1197 331 1276 chn.
357 1197 580 1280 ambulator
603 1195 715 1274 Mall.
738 1194 866 1302 prodr.
891 1223 927 1273 n.
952 1197 1063 1278 1825.

478 1419 616 1494 Notae

311 1555 372 1630 De
410 1556 665 1634 ichneumone
708 1569 980 1631 corruscotore
1017 1551 1202 1646 Fabricii,
1245 1555 1297 1632 ad

225 1703 338 1779 quem
362 1676 477 1752 etiam
499 1673 765 1754 Walclrenaeri
789 1688 827 1749 et
847 1673 993 1749 Jurinei
1022 1675 1167 1776 species
1188 1673 1296 1777 ejus-

225 1796 311 1870 dem
340 1795 501 1871 nominis
530 1795 742 1870 adhibenda
766 1809 840 1884 est,
868 1793 1005 1868 dubius
1035 1821 1135 1886 sum;
1161 1793 1295 1872 forsan

225 1914 272 1988 ad
293 1917 511 1992 varietatem
531 1925 556 1994 2
575 1929 641 1989 aut
661 1925 685 1992 8
707 1913 825 1988 nostri
847 1913 1136 2002 corruscatoris,
1163 1913 1298 1992 iorsan

227 2035 272 2112 ad
300 2037 590 2114 Ichneumonem
612 2034 880 2138 pollisrontem
907 2031 1040 2110 referri
1069 2049 1212 2137 posset.
1239 2077 1299 2094 -

226 2157 334 2234 chn.
357 2173 606 2236 corrnscntor
633 2153 826 2228 Schranlrii
856 2169 999 2242 antem,
1027 2151 1176 2228 terebra
1205 2154 1299 2231 lon-

227 2275 394 2378 gissima,
422 2276 522 2350 haud
543 2290 600 2349 est
621 2272 866 2348 Ichneumon.
894 2317 947 2330 -
972 2271 1208 2374 Trentepohl
1231 2273 1299 2372 (in

227 2397 350 2471 lteris.
368 2423 403 2497 p.
425 2403 472 2472 10
488 2409 527 2468 et
540 2403 591 2470 20
607 2406 646 2467 et
662 2392 701 2466 in
717 2392 816 2469 Iside
834 2403 933 2472 1826
949 2421 986 2496 p.
1004 2397 1072 2492 67)
1088 2393 1195 2470 chn.
1213 2421 1299 2472 rno-

228 2519 401 2592 lr'torium
424 2529 462 2587 et
483 2528 787 2589 corroscutorem
817 2539 886 2614 pro
908 2515 1019 2588 unius
1042 2513 1299 2622 ejusdemque

229 2633 372 2742 speciei
386 2632 526 2710 femina
538 2649 577 2711 et
591 2657 693 2710 mare
707 2630 839 2725 habet,
868 2633 1100 2737 sedinjuste.

558 3015 609 3082 15.
652 3007 681 3076 Ι.
703 3007 891 3074 TRISTIS.
933 3029 968 3072 ιι.

429 3185 457 3250 F
458 3179 626 3250 amoribus
637 3179 791 3250 omuibus
809 3189 842 3246 et
853 3176 944 3246 tibiis
960 3173 1181 3244 anterioribus
1193 3175 1299 3262 rubs;

431 3283 582 3372 stigmate
605 3285 714 3370 nigro.
758 3305 802 3347 m.

305 3485 378 3558 Hic
402 3481 679 3560 Ichneumona
705 3484 871 3561 maribus
901 3486 1135 3589 reliquarum
1160 3511 1302 3588 cospe-

230 3602 373 3683 ciernnr
401 3601 515 3703 hujus
544 3602 740 3696 sectionis,
768 3606 990 3711 praesertim
1013 3632 1034 3679 a
1056 3611 1302 3704 castigatore

230 3740 270 3800 et
297 3723 497 3811 biiineoto,
532 3724 758 3826 quibuscum
791 3730 921 3804 colore
954 3726 1073 3828 magia
1105 3723 1299 3824 congruit,

230 3842 416 3948 imprimis
445 3845 583 3920 cellula
613 3847 771 3923 cubitali
802 3847 1026 3924 intermedia
1058 3843 1298 3943 triangulari,

230 3978 424 4068 segmento
458 3964 581 4067 primo
615 3967 763 4044 minore
796 3983 836 4044 et
869 3967 1007 4043 sensim
1035 3965 1076 4041 in
1103 3965 1299 4068 petiolum

228 4098 428 4174 coarctato,
437 4081 685 4189 pretiolo-ipso
699 4087 874 4166 breviore
888 4101 927 4162 et
941 4086 1136 4175 crassiore,
1150 4084 1298 4166 differt
