2674 4816
218 307 300 382 618.
620 319 892 376 taunaonon

219 484 512 576 duobasfaciet
538 485 659 564 ilaris.
712 487 919 566 Antenaae
932 483 1065 562 subtus
1084 485 1277 563 articulol

219 612 446 712 plerumque
473 608 690 695 floricurte,
717 607 965 707 sequentibus
991 605 1053 682 rel
1082 607 1202 709 nigris
1224 603 1282 681 rel

221 730 314 806 rufis
335 742 401 805 aut
423 725 550 804 lulvis‘.
605 727 821 804 Soatellttm
844 727 906 819 ¹vel
926 741 1051 803 totum
1076 725 1205 801 album
1228 723 1283 800 rel

221 850 331 953 apice
345 849 428 923 solo
445 847 545 924 albo.
592 847 697 924 Alae
710 843 1033 947 iumatohysliaae
1046 861 1112 920 sut
1127 845 1284 946 sabbya-

221 971 350 1058 linae,:
370 968 546 1068 stigmate
573 965 682 1042 salvo
702 965 916 1067 aat'pioeo,
943 963 1286 1041 mdioelstramines

223 1104 289 1166 aut
303 1088 426 1177 lusca,
453 1086 559 1162 radio
576 1101 616 1160 et
632 1085 830 1186 squamuln
852 1083 982 1160 luscis.
1037 1085 1160 1163 Pedes
1175 1085 1288 1161 lemo-

190 1260 193 1270 2
223 1207 328 1284 ribus
348 1204 504 1308 posticis
528 1230 672 1283 summa
700 1202 781 1278 basi
802 1201 909 1294 rufa,
938 1203 1075 1280 mediis
1096 1205 1159 1280 vel
1179 1204 1285 1307 nigris
1328 1297 1329 1304 ἵ

225 1327 334 1429 epioe
350 1326 459 1404 fulvo
476 1324 538 1401 vel
557 1323 705 1400 interne
726 1321 819 1398 totis
841 1323 950 1412 rufis,
978 1323 1114 1398 enticis
1128 1325 1287 1426 plemm-

226 1457 300 1549 que
321 1445 469 1524 interne
490 1445 581 1520 rufis
600 1441 722 1518 rarius
743 1443 836 1518 totis
855 1444 968 1532 rufis'3
994 1444 1101 1520 tibiis
1119 1445 1213 1520 ralis
1229 1455 1285 1518 sut

225 1566 358 1655 fulvis,
386 1562 544 1667 posticis
569 1560 677 1664 apice
699 1562 826 1664 nigr03
851 1563 963 1639 tarsis
977 1566 1068 1640 rufis
1084 1577 1151 1638 sat
1167 1563 1284 1651 fulvis,

227 1684 386 1790 posticis
403 1683 464 1760 vel
485 1680 578 1758 totis
600 1681 662 1758 vel
680 1684 790 1786 spice
812 1681 942 1760 fuscis.
996 1682 1201 1762 Abdomen
1211 1707 1285 1783 aeg·

227 1803 415 1882 mentis2
444 1816 483 1880 et
510 1811 534 1880 3
560 1802 673 1882 rusus
708 1807 733 1880 4
759 1801 950 1878 interdum
976 1801 1123 1904 angulis
1151 1803 1284 1891 baseos,

228 1924 348 2004 rarius
371 1921 689 2021 etiammargine,
715 1922 819 1998 rufis.
924 1952 928 1960 ·

237 2118 240 2131 ,
309 2042 503 2139 Quaedam
533 2040 727 2116 individua
751 2041 837 2144 cepi
864 2068 993 2119 mense
1014 2042 1225 2146 Septembri
1249 2045 1283 2118 in

230 2164 410 2264 Angelius
439 2160 614 2264 sylvestri
643 2185 764 2262 prope
787 2163 1102 2264 Woelselsgraml
1125 2179 1167 2240 et
1187 2163 1283 2241 aar·

232 2313 314 2371 eru
338 2284 431 2372 elia,
459 2281 559 2360 circa
577 2280 856 2372 Warmbrann,
884 2283 1200 2374 Sickersbaasen,
1222 2305 1283 2359 aea

213 2417 311 2482 'non
343 2404 384 2480 iu
419 2403 460 2481 V
458 2401 620 2504 olhynia
655 2415 695 2476 et
735 2402 776 2477 in
808 2408 963 2501 regione
999 2402 1283 2508 pedemontana,

234 2539 361 2626 capta,
387 2547 536 2602 mecum
557 2520 952 2600 communicatarum.

311 2768 347 2840 6.
376 2764 516 2863 Capite
537 2760 771 2865 thoraceqne
794 2767 890 2842 totis
916 2768 1050 2864 nigris.
1077 2803 1132 2824 ··-
1156 2763 1284 2861 Longi·

235 2880 331 2960 tudo
364 2879 430 2985 573
463 2882 661 2957 linearum.
720 2883 925 2960 Antennae
956 2882 1073 2985 paulo
1104 2881 1282 2985 longiores

234 3030 347 3105 quum
362 3002 402 3077 iu
421 3001 579 3103 reliquis
597 3000 861 3091 varietatibus3
888 3001 1059 3077 articulis
1079 3012 1192 3083 t-s
1204 3000 1282 3078 totis

234 3123 361 3224 nigris,
383 3120 628 3224 sequentibus
643 3121 774 3198 subtus
790 3120 1027 3224 ferrugineis.
1080 3123 1283 3201 Statellati

233 3244 373 3322 album.
427 3244 532 3322 Alae
556 3239 898 3342 sumatohyol-iuae,
926 3242 1100 3342 stigmate
1130 3245 1285 3318 substra-

232 3363 370 3453 mine0,
398 3362 503 3438 radio
518 3361 645 3436 radice
660 3377 700 3437 et
715 3362 910 3463 squamala
924 3360 1053 3436 luscis.
1104 3363 1227 3442 Pedes
1236 3361 1283 3436 le·

232 3483 400 3557 moribus
420 3480 671 3558 anterioribus
695 3483 827 3556 subtus
843 3482 953 3571 ruiis,
979 3480 1137 3582 posticis
1152 3503 1283 3558 summe

233 3600 313 3676 basi
329 3601 428 3689 rala3
455 3602 562 3677 tibiis
575 3604 677 3692 rufis,
700 3600 809 3703 epioe
824 3600 948 3702 nigro.
985 3599 1195 3680 Abdomen
1211 3625 1283 3700 seg·

231 3721 369 3798 mentis
397 3730 423 3800 2
450 3735 490 3797 et
514 3732 539 3802 3
564 3722 675 3812 rufis,
708 3731 733 3801 3
759 3735 904 3824 puncto
929 3719 1070 3796 dorssli
1097 3714 1283 3825 marginali

233 3863 353 3941 aigro.
974 3915 980 3924 .

306 3960 411 4036 Hono
449 3954 671 4038 varietatem
710 3959 830 4039 semel
867 3960 972 4064 sepi,
1012 3979 1144 4038 meuse
1178 3954 1279 4042 suan

229 4105 348 4184 prope
367 4079 654 4158 Helmstadr'am
675 4079 715 4157 in
736 4081 962 4184 petroselini
983 4081 1155 4158 floribus.
