2698 4810
263 323 340 398 816
662 331 931 388 torrentior

262 501 372 582 cho.
395 495 679 578 ambulatorius
697 495 804 572 Rossi
830 525 865 574 ιι.
882 501 958 577 747
973 496 1050 598 (1),
1077 495 1116 573 in
1136 493 1256 571 hortis.

315 679 338 712 „
393 619 523 694 Christ
537 646 574 721 p.
591 623 667 697 349
682 616 752 714 (?).
890 642 894 650 ·

313 799 337 834 „
390 738 539 816 Olivier
552 766 589 841 p.
609 745 700 825 166,
728 764 765 810 n.
786 745 833 815 12
848 735 918 836 (i).

312 921 336 956 ‚,
390 853 683 946 Thunb.lchn.,
711 885 747 930 n.
771 865 833 934 28.

314 1041 337 1076 ,,
390 985 570 1082 Trentep.
587 975 628 1051 in
644 976 745 1052 Iside
763 985 878 1067 1826,
906 1003 944 1078 p.
958 985 1054 1070 231,
1083 1008 1119 1058 ιι.
1131 982 1192 1066 48.

518 1201 654 1276 Nota:

339 1345 520 1419 Auctores
551 1336 823 1436 interrogative
857 1333 965 1410 citati
994 1335 1210 1416 describunt
1232 1326 1300 1410 lah·

263 1487 490 1544 strumonem
511 1453 713 1558 segmentis
731 1456 822 1530 solis
843 1467 883 1547 8,
911 1463 936 1536 4
957 1473 996 1532 et
1015 1463 1039 1537 5
1056 1451 1298 1553 albomargina·

263 1585 333 1674 tir,
360 1583 461 1658 linea
488 1592 575 1654 ante
600 1576 678 1652 alas
699 1579 812 1667 flava,
846 1575 1007 1680 pedibus
1028 1580 1139 1666 rufis,
1166 1573 1300 1654 ιιιι11ιιιι·

266 1730 339 1807 que
360 1702 547 1778 femorum
563 1698 756 1798 nigrorum
777 1697 922 1772 iaciunt
935 1699 1186 1785 mentionem,
1209 1711 1301 1796 quart

264 1822 387 1899 adbuc
404 1818 550 1908 dubito,
577 1845 668 1892 num
682 1817 776 1892 haec
791 1831 917 1892 nostra
933 1819 1081 1920 species
1095 1810 1301 1896 vernalem.

263 1941 547 2022 ambulatorius
572 1955 768 2015 auctorum
796 1938 1036 2015 laudatorum
1065 1940 1126 2016 sit.
1148 1981 1199 1996 -
1214 1931 1301 2012 Iobo.

265 2061 469 2142 Schaefferi
492 2062 596 2136 leon.
621 2059 697 2134 tab.
722 2065 772 2139 43
794 2059 856 2161 fig.
881 2067 900 2138 1
924 2072 964 2134 et
983 2068 1026 2149 2,
1055 2085 1169 2161 quem
1185 2053 1301 2134 Villen

264 2187 311 2264 ad
338 2181 640 2260 ambulatorium
666 2179 838 2270 adhibet,
874 2178 963 2254 satis
990 2179 1037 2253 ab
1058 2205 1106 2256 eo
1126 2179 1300 2274 discrepat.

265 2304 447 2382 Conferas
462 2327 558 2402 quae
573 2299 643 2374 sub
656 2301 764 2377 chn.
783 2307 1004 2378 externario
1025 2300 1074 2376 de
1088 2299 1162 2374 hoc
1175 2285 1304 2374 Schnei-

264 2425 335 2501 feri
363 2421 620 2497 ichneumone
648 2420 790 2496 monui.
817 2465 870 2478 -
902 2419 1010 2497 tcta.
1045 2418 1303 2500 ambulatorius

263 2542 420 2622 Panzeri
447 2541 477 2622 F
480 2567 564 2616 aun.
592 2555 631 2616 et
655 2542 797 2616 Panzer
823 2539 869 2616 ad
894 2539 1055 2618 Scbaeff.
1086 2543 1133 2616 ad
1158 2552 1303 2617 nostrum

262 2666 509 2746 vodotorium
535 2687 678 2739 marem
698 2661 838 2738 relatus
865 2675 935 2738 est.

492 3077 566 3142 118·
610 3065 638 3136 Ι.
659 3064 1045 3134 FLAVOLIMBATUS.
1091 3089 1128 3135 n.

465 3234 614 3304 macons
633 3235 757 3302 duabus
772 3232 855 3300 ann
869 3236 909 3300 ..ι
928 3212 1227 3315 naamitarum
1245 3245 1306 3314 seg-

464 3340 583 3405 mentis
603 3349 705 3412 2et3
722 3336 818 3416 rutis,
843 3337 989 3426 margine
1001 3337 1102 3422 flav03
1127 3337 1214 3405 tibiis
1228 3341 1307 3397 ante-

463 3441 608 3508 rioribus
630 3438 733 3507 ssavis.
775 3462 822 3505 ιιι.

338 3633 506 3710 Statura
539 3646 580 3708 et
603 3629 804 3735 proportio
830 3633 997 3733 partium
1027 3630 1186 3707 omnino
1213 3619 1306 3704 tcta

262 3761 456 3832 ornatorii
475 3753 756 3831 individuorum
778 3751 980 3828 abdomine
1007 3751 1184 3828 breviore
1205 3761 1241 3824 et
1261 3741 1306 3816 la·

262 3874 372 3955 tiore.
427 3875 507 3948 Hac
529 3871 739 3949 abdominis
759 3871 880 3950 forma
906 3869 1001 3950 baeo
1024 3870 1172 3974 sperica
1195 3863 1305 3942 differt

262 3995 376 4072 ctiam
398 3992 446 4069 ab
463 3991 572 4074 chn.
594 3992 858 4086 laboratorio,
891 4000 1111 4098 interrupto
1131 4003 1170 4069 et
1190 4003 1306 4086 ampt-

263 4119 422 4192 totorio.
