<?xml version="1.0" encoding="UTF-8"?>
<!DOCTYPE html PUBLIC "-//W3C//DTD XHTML 1.0 Transitional//EN"
    "http://www.w3.org/TR/xhtml1/DTD/xhtml1-transitional.dtd">
<html xmlns="http://www.w3.org/1999/xhtml" xml:lang="en" lang="en">
 <head>
  <title>
</title>
<meta http-equiv="Content-Type" content="text/html;charset=utf-8" />
  <meta name='ocr-system' content='tesseract 3.04.00' />
  <meta name='ocr-capabilities' content='ocr_page ocr_carea ocr_par ocr_line ocrx_word'/>
</head>
<body>
  <div class='ocr_page' id='page_1' title='image "./ichneumonologia01gravgoog_0116.png"; bbox 0 0 2726 4810; ppageno 0'>
   <div class='ocr_carea' id='block_1_1' title="bbox 382 352 1115 428">
    <p class='ocr_par' dir='ltr' id='par_1_1' title="bbox 382 352 1115 428">
     <span class='ocr_line' id='line_1_1' title="bbox 382 352 1115 428; baseline 0.014 -10"><span class='ocrx_word' id='word_1_1' title='bbox 382 370 431 418; x_wconf 81' lang='lat' dir='ltr'><strong>iv.</strong></span> <span class='ocrx_word' id='word_1_2' title='bbox 466 355 638 420; x_wconf 67' lang='lat' dir='ltr'><strong>raanan</strong></span> <span class='ocrx_word' id='word_1_3' title='bbox 663 369 779 422; x_wconf 79' lang='lat' dir='ltr'><strong>ouis.</strong></span> <span class='ocrx_word' id='word_1_4' title='bbox 1064 352 1115 428; x_wconf 78' lang='lat'><strong>69</strong></span> 
     </span>
    </p>
   </div>
   <div class='ocr_carea' id='block_1_2' title="bbox 48 513 1188 4220">
    <p class='ocr_par' dir='ltr' id='par_1_2' title="bbox 48 513 1188 4220">
     <span class='ocr_line' id='line_1_2' title="bbox 65 513 1114 625; baseline 0.004 -19"><span class='ocrx_word' id='word_1_5' title='bbox 65 555 192 625; x_wconf 68' lang='lat' dir='ltr'><strong>vereor,</strong></span> <span class='ocrx_word' id='word_1_6' title='bbox 223 521 289 609; x_wconf 86' lang='lat' dir='ltr'><strong>me</strong></span> <span class='ocrx_word' id='word_1_7' title='bbox 315 513 356 606; x_wconf 87' lang='lat' dir='ltr'><strong>in</strong></span> <span class='ocrx_word' id='word_1_8' title='bbox 377 531 436 608; x_wconf 86' lang='lat' dir='ltr'><strong>bis</strong></span> <span class='ocrx_word' id='word_1_9' title='bbox 459 531 571 608; x_wconf 89' lang='lat' dir='ltr'><strong>nimis</strong></span> <span class='ocrx_word' id='word_1_10' title='bbox 591 513 871 611; x_wconf 79' lang='lat' dir='ltr'><strong>consideratum</strong></span> <span class='ocrx_word' id='word_1_11' title='bbox 899 561 999 624; x_wconf 90' lang='lat' dir='ltr'><strong>esse,</strong></span> <span class='ocrx_word' id='word_1_12' title='bbox 1026 545 1114 610; x_wconf 78' lang='lat' dir='ltr'><strong>cunt</strong></span> 
     </span>
     <span class='ocr_line' id='line_1_3' title="bbox 60 651 1114 757; baseline 0.005 -31"><span class='ocrx_word' id='word_1_13' title='bbox 60 655 250 744; x_wconf 71' lang='lat' dir='ltr'><strong>ndmmus,</strong></span> <span class='ocrx_word' id='word_1_14' title='bbox 282 651 516 754; x_wconf 77' lang='lat' dir='ltr'><strong>coryphaeos</strong></span> <span class='ocrx_word' id='word_1_15' title='bbox 531 655 862 757; x_wconf 82' lang='lat' dir='ltr'><strong>antomologorum</strong></span> <span class='ocrx_word' id='word_1_16' title='bbox 875 654 1037 731; x_wconf 85' lang='lat' dir='ltr'><strong>maxime</strong></span> <span class='ocrx_word' id='word_1_17' title='bbox 1052 681 1114 731; x_wconf 87' lang='lat' dir='ltr'><strong>ce-</strong></span> 
     </span>
     <span class='ocr_line' id='line_1_4' title="bbox 54 773 1112 884; baseline 0.002 -36"><span class='ocrx_word' id='word_1_18' title='bbox 54 773 228 863; x_wconf 73' lang='lat' dir='ltr'><strong>tetracos,</strong></span> <span class='ocrx_word' id='word_1_19' title='bbox 257 773 302 847; x_wconf 88' lang='lat' dir='ltr'><strong>in</strong></span> <span class='ocrx_word' id='word_1_20' title='bbox 314 773 573 875; x_wconf 77' lang='lat' dir='ltr'><strong>descriptione</strong></span> <span class='ocrx_word' id='word_1_21' title='bbox 587 773 720 851; x_wconf 84' lang='lat' dir='ltr'><strong>harum</strong></span> <span class='ocrx_word' id='word_1_22' title='bbox 731 776 907 884; x_wconf 83' lang='lat' dir='ltr'><strong>partium,</strong></span> <span class='ocrx_word' id='word_1_23' title='bbox 939 775 1057 850; x_wconf 88' lang='lat' dir='ltr'><strong>immo</strong></span> <span class='ocrx_word' id='word_1_24' title='bbox 1071 775 1112 850; x_wconf 91' lang='lat' dir='ltr'><strong>in</strong></span> 
     </span>
     <span class='ocr_line' id='line_1_5' title="bbox 51 893 1188 1000; baseline 0.002 -32"><span class='ocrx_word' id='word_1_25' title='bbox 51 919 202 971; x_wconf 79' lang='lat' dir='ltr'><strong>numero</strong></span> <span class='ocrx_word' id='word_1_26' title='bbox 234 919 386 982; x_wconf 69' lang='lat' dir='ltr'><strong>mum,</strong></span> <span class='ocrx_word' id='word_1_27' title='bbox 420 893 523 969; x_wconf 86' lang='lat' dir='ltr'><strong>inter·</strong></span> <span class='ocrx_word' id='word_1_28' title='bbox 547 920 588 970; x_wconf 87' lang='lat' dir='ltr'><strong>se</strong></span> <span class='ocrx_word' id='word_1_29' title='bbox 615 894 840 1000; x_wconf 80' lang='lat' dir='ltr'><strong>discrepare.</strong></span> <span class='ocrx_word' id='word_1_30' title='bbox 895 897 941 971; x_wconf 87' lang='lat' dir='ltr'><strong>ln</strong></span> <span class='ocrx_word' id='word_1_31' title='bbox 965 919 1008 971; x_wconf 83' lang='lat' dir='ltr'><strong>re</strong></span> <span class='ocrx_word' id='word_1_32' title='bbox 1034 909 1112 970; x_wconf 81' lang='lat' dir='ltr'><strong>tam</strong></span> <span class='ocrx_word' id='word_1_33' title='bbox 1184 909 1188 916; x_wconf 85' lang='grc'><strong>’</strong></span> 
     </span>
     <span class='ocr_line' id='line_1_6' title="bbox 49 1012 1111 1105; baseline 0.001 -17"><span class='ocrx_word' id='word_1_34' title='bbox 49 1017 153 1090; x_wconf 87' lang='lat' dir='ltr'><strong>ardua</strong></span> <span class='ocrx_word' id='word_1_35' title='bbox 174 1029 220 1090; x_wconf 90' lang='lat' dir='ltr'><strong>et</strong></span> <span class='ocrx_word' id='word_1_36' title='bbox 238 1013 434 1090; x_wconf 86' lang='lat' dir='ltr'><strong>erroribus</strong></span> <span class='ocrx_word' id='word_1_37' title='bbox 454 1012 642 1090; x_wconf 79' lang='lat' dir='ltr'><strong>facillime</strong></span> <span class='ocrx_word' id='word_1_38' title='bbox 660 1017 842 1105; x_wconf 84' lang='lat' dir='ltr'><strong>obnoxia,</strong></span> <span class='ocrx_word' id='word_1_39' title='bbox 870 1015 993 1090; x_wconf 89' lang='lat' dir='ltr'><strong>oculis</strong></span> <span class='ocrx_word' id='word_1_40' title='bbox 1016 1015 1111 1090; x_wconf 83' lang='lat' dir='ltr'><strong>meis</strong></span> 
     </span>
     <span class='ocr_line' id='line_1_7' title="bbox 48 1133 1111 1222; baseline 0 -12"><span class='ocrx_word' id='word_1_41' title='bbox 48 1135 128 1210; x_wconf 84' lang='lat' dir='ltr'><strong>solis</strong></span> <span class='ocrx_word' id='word_1_42' title='bbox 140 1133 341 1222; x_wconf 80' lang='lat' dir='ltr'><strong>diffidens,</strong></span> <span class='ocrx_word' id='word_1_43' title='bbox 368 1133 551 1210; x_wconf 82' lang='lat' dir='ltr'><strong>auxilium</strong></span> <span class='ocrx_word' id='word_1_44' title='bbox 567 1135 788 1212; x_wconf 76' lang='lat' dir='ltr'><strong>invocabam</strong></span> <span class='ocrx_word' id='word_1_45' title='bbox 806 1137 878 1210; x_wconf 87' lang='lat' dir='ltr'><strong>viri</strong></span> <span class='ocrx_word' id='word_1_46' title='bbox 893 1133 1111 1210; x_wconf 78' lang='lat' dir='ltr'><strong>amicissimi</strong></span> 
     </span>
     <span class='ocr_line' id='line_1_8' title="bbox 49 1251 1110 1345; baseline -0.002 -17"><span class='ocrx_word' id='word_1_47' title='bbox 49 1271 80 1328; x_wconf 86' lang='lat' dir='ltr'><strong>at</strong></span> <span class='ocrx_word' id='word_1_48' title='bbox 96 1252 372 1342; x_wconf 85' lang='lat' dir='ltr'><strong>oculatissimi‚</strong></span> <span class='ocrx_word' id='word_1_49' title='bbox 387 1253 537 1330; x_wconf 80' lang='lat' dir='ltr'><strong>&#39;Neesei</strong></span> <span class='ocrx_word' id='word_1_50' title='bbox 559 1256 604 1330; x_wconf 90' lang='lat' dir='ltr'><strong>eb</strong></span> <span class='ocrx_word' id='word_1_51' title='bbox 623 1255 836 1345; x_wconf 78' lang='lat' dir='ltr'><strong>Esenbecis,</strong></span> <span class='ocrx_word' id='word_1_52' title='bbox 865 1279 935 1332; x_wconf 86' lang='lat' dir='ltr'><strong>nec</strong></span> <span class='ocrx_word' id='word_1_53' title='bbox 960 1251 1110 1341; x_wconf 79' lang='lat' dir='ltr'><strong>frustra,</strong></span> 
     </span>
     <span class='ocr_line' id='line_1_9' title="bbox 49 1372 1113 1477; baseline 0 -30"><span class='ocrx_word' id='word_1_54' title='bbox 49 1401 121 1450; x_wconf 85' lang='lat' dir='ltr'><strong>nam</strong></span> <span class='ocrx_word' id='word_1_55' title='bbox 134 1376 219 1463; x_wconf 89' lang='lat' dir='ltr'><strong>hic,</strong></span> <span class='ocrx_word' id='word_1_56' title='bbox 247 1372 375 1446; x_wconf 88' lang='lat' dir='ltr'><strong>statim</strong></span> <span class='ocrx_word' id='word_1_57' title='bbox 388 1397 484 1474; x_wconf 88' lang='lat' dir='ltr'><strong>opus</strong></span> <span class='ocrx_word' id='word_1_58' title='bbox 499 1376 729 1476; x_wconf 77' lang='lat' dir='ltr'><strong>aggrediens,</strong></span> <span class='ocrx_word' id='word_1_59' title='bbox 757 1373 1113 1477; x_wconf 83' lang='lat' dir='ltr'><strong>circiterquinqua-</strong></span> 
     </span>
     <span class='ocr_line' id='line_1_10' title="bbox 49 1491 1112 1596; baseline 0 -28"><span class='ocrx_word' id='word_1_60' title='bbox 49 1495 141 1594; x_wconf 73' lang='lat' dir='ltr'><strong>ginta</strong></span> <span class='ocrx_word' id='word_1_61' title='bbox 168 1492 324 1596; x_wconf 87' lang='lat' dir='ltr'><strong>species</strong></span> <span class='ocrx_word' id='word_1_62' title='bbox 343 1520 371 1568; x_wconf 83' lang='lat' dir='ltr'><strong>e·</strong></span> <span class='ocrx_word' id='word_1_63' title='bbox 384 1492 541 1569; x_wconf 81' lang='lat' dir='ltr'><strong>diversis</strong></span> <span class='ocrx_word' id='word_1_64' title='bbox 569 1495 769 1595; x_wconf 81' lang='lat' dir='ltr'><strong>generibus</strong></span> <span class='ocrx_word' id='word_1_65' title='bbox 790 1511 829 1570; x_wconf 87' lang='lat' dir='ltr'><strong>et</strong></span> <span class='ocrx_word' id='word_1_66' title='bbox 849 1492 1004 1571; x_wconf 77' lang='lat' dir='ltr'><strong>familiis</strong></span> <span class='ocrx_word' id='word_1_67' title='bbox 1025 1491 1112 1568; x_wconf 85' lang='lat' dir='ltr'><strong>leb·</strong></span> 
     </span>
     <span class='ocr_line' id='line_1_11' title="bbox 49 1612 1111 1717; baseline 0.001 -30"><span class='ocrx_word' id='word_1_68' title='bbox 49 1613 337 1702; x_wconf 85' lang='lat' dir='ltr'><strong>ncumouidum,</strong></span> <span class='ocrx_word' id='word_1_69' title='bbox 372 1613 536 1688; x_wconf 80' lang='lat' dir='ltr'><strong>examini</strong></span> <span class='ocrx_word' id='word_1_70' title='bbox 561 1615 733 1716; x_wconf 78' lang='lat' dir='ltr'><strong>rigoroso</strong></span> <span class='ocrx_word' id='word_1_71' title='bbox 761 1613 1006 1717; x_wconf 86' lang='lat' dir='ltr'><strong>subjiciebat,</strong></span> <span class='ocrx_word' id='word_1_72' title='bbox 1034 1612 1111 1688; x_wconf 84' lang='lat' dir='ltr'><strong>oris</strong></span> 
     </span>
     <span class='ocr_line' id='line_1_12' title="bbox 49 1733 1119 1835; baseline -0.003 -25"><span class='ocrx_word' id='word_1_73' title='bbox 49 1751 167 1834; x_wconf 79' lang='lat' dir='ltr'><strong>partes</strong></span> <span class='ocrx_word' id='word_1_74' title='bbox 184 1747 439 1822; x_wconf 64' lang='lat' dir='ltr'><strong>eumenum,</strong></span> <span class='ocrx_word' id='word_1_75' title='bbox 467 1755 651 1834; x_wconf 84' lang='lat' dir='ltr'><strong>equaqua</strong></span> <span class='ocrx_word' id='word_1_76' title='bbox 668 1749 793 1835; x_wconf 84' lang='lat' dir='ltr'><strong>parte,</strong></span> <span class='ocrx_word' id='word_1_77' title='bbox 821 1733 946 1809; x_wconf 82' lang='lat' dir='ltr'><strong>oculis</strong></span> <span class='ocrx_word' id='word_1_78' title='bbox 959 1735 1119 1808; x_wconf 76' lang='lat' dir='ltr'><strong>armatis</strong></span> 
     </span>
     <span class='ocr_line' id='line_1_13' title="bbox 52 1851 1111 1954; baseline 0.003 -30"><span class='ocrx_word' id='word_1_79' title='bbox 52 1853 296 1930; x_wconf 68' lang='lat' dir='ltr'><strong>attentissime</strong></span> <span class='ocrx_word' id='word_1_80' title='bbox 331 1851 578 1954; x_wconf 68' lang='lat' dir='ltr'><strong>inspiciebat,</strong></span> <span class='ocrx_word' id='word_1_81' title='bbox 611 1861 785 1954; x_wconf 84' lang='lat' dir='ltr'><strong>quaeque</strong></span> <span class='ocrx_word' id='word_1_82' title='bbox 811 1853 958 1930; x_wconf 80' lang='lat' dir='ltr'><strong>viderat</strong></span> <span class='ocrx_word' id='word_1_83' title='bbox 984 1867 1111 1928; x_wconf 86' lang='lat' dir='ltr'><strong>autem</strong></span> 
     </span>
     <span class='ocr_line' id='line_1_14' title="bbox 53 1971 1111 2074; baseline -0.003 -25"><span class='ocrx_word' id='word_1_84' title='bbox 53 1971 319 2049; x_wconf 73' lang='lat' dir='ltr'><strong>benevolenter</strong></span> <span class='ocrx_word' id='word_1_85' title='bbox 339 1997 490 2046; x_wconf 90' lang='lat' dir='ltr'><strong>mecum</strong></span> <span class='ocrx_word' id='word_1_86' title='bbox 511 1972 833 2062; x_wconf 85' lang='lat' dir='ltr'><strong>communicabat,</strong></span> <span class='ocrx_word' id='word_1_87' title='bbox 862 1973 965 2074; x_wconf 83' lang='lat' dir='ltr'><strong>quod</strong></span> <span class='ocrx_word' id='word_1_88' title='bbox 983 1973 1111 2046; x_wconf 87' lang='lat' dir='ltr'><strong>animo</strong></span> 
     </span>
     <span class='ocr_line' id='line_1_15' title="bbox 62 2091 1112 2192; baseline 0 -27"><span class='ocrx_word' id='word_1_89' title='bbox 62 2093 257 2188; x_wconf 72' lang='lat' dir='ltr'><strong>gratissimo</strong></span> <span class='ocrx_word' id='word_1_90' title='bbox 291 2091 357 2166; x_wconf 89' lang='lat' dir='ltr'><strong>hic</strong></span> <span class='ocrx_word' id='word_1_91' title='bbox 392 2112 566 2192; x_wconf 85' lang='lat' dir='ltr'><strong>agnosco.</strong></span> <span class='ocrx_word' id='word_1_92' title='bbox 621 2091 910 2192; x_wconf 78' lang='lat' dir='ltr'><strong>Descriptiones</strong></span> <span class='ocrx_word' id='word_1_93' title='bbox 946 2091 1112 2191; x_wconf 82' lang='lat' dir='ltr'><strong>singulas</strong></span> 
     </span>
     <span class='ocr_line' id='line_1_16' title="bbox 70 2208 1114 2312; baseline 0.004 -33"><span class='ocrx_word' id='word_1_94' title='bbox 70 2208 142 2305; x_wconf 69' lang='lat' dir='ltr'><strong>eius</strong></span> <span class='ocrx_word' id='word_1_95' title='bbox 163 2213 384 2288; x_wconf 72' lang='lat' dir='ltr'><strong>verbotenus</strong></span> <span class='ocrx_word' id='word_1_96' title='bbox 415 2209 633 2312; x_wconf 85' lang='lat' dir='ltr'><strong>speciebus,</strong></span> <span class='ocrx_word' id='word_1_97' title='bbox 661 2210 707 2284; x_wconf 86' lang='lat' dir='ltr'><strong>ad</strong></span> <span class='ocrx_word' id='word_1_98' title='bbox 729 2237 820 2311; x_wconf 91' lang='lat' dir='ltr'><strong>quas</strong></span> <span class='ocrx_word' id='word_1_99' title='bbox 842 2209 1020 2298; x_wconf 84' lang='lat' dir='ltr'><strong>attinent,</strong></span> <span class='ocrx_word' id='word_1_100' title='bbox 1048 2209 1114 2283; x_wconf 87' lang='lat' dir='ltr'><strong>ad-</strong></span> 
     </span>
     <span class='ocr_line' id='line_1_17' title="bbox 71 2325 1110 2433; baseline -0.002 -27"><span class='ocrx_word' id='word_1_101' title='bbox 71 2325 153 2416; x_wconf 80' lang='lat' dir='ltr'><strong>dam,</strong></span> <span class='ocrx_word' id='word_1_102' title='bbox 177 2331 361 2433; x_wconf 87' lang='lat' dir='ltr'><strong>simuiquc</strong></span> <span class='ocrx_word' id='word_1_103' title='bbox 374 2331 531 2420; x_wconf 88' lang='lat' dir='ltr'><strong>notabo,</strong></span> <span class='ocrx_word' id='word_1_104' title='bbox 559 2354 635 2432; x_wconf 89' lang='lat' dir='ltr'><strong>quo</strong></span> <span class='ocrx_word' id='word_1_105' title='bbox 648 2329 775 2408; x_wconf 82' lang='lat' dir='ltr'><strong>forsan</strong></span> <span class='ocrx_word' id='word_1_106' title='bbox 789 2328 1110 2433; x_wconf 85' lang='lat' dir='ltr'><strong>descriptionibus</strong></span> 
     </span>
     <span class='ocr_line' id='line_1_18' title="bbox 65 2447 1111 2553; baseline 0.006 -34"><span class='ocrx_word' id='word_1_107' title='bbox 65 2451 244 2528; x_wconf 82' lang='lat' dir='ltr'><strong>earundem</strong></span> <span class='ocrx_word' id='word_1_108' title='bbox 281 2447 466 2553; x_wconf 84' lang='lat' dir='ltr'><strong>partium,</strong></span> <span class='ocrx_word' id='word_1_109' title='bbox 500 2450 548 2524; x_wconf 92' lang='lat' dir='ltr'><strong>ab</strong></span> <span class='ocrx_word' id='word_1_110' title='bbox 581 2449 666 2525; x_wconf 86' lang='lat' dir='ltr'><strong>aliis</strong></span> <span class='ocrx_word' id='word_1_111' title='bbox 700 2451 955 2552; x_wconf 82' lang='lat' dir='ltr'><strong>antomologis</strong></span> <span class='ocrx_word' id='word_1_112' title='bbox 986 2450 1111 2541; x_wconf 87' lang='lat' dir='ltr'><strong>editis,</strong></span> 
     </span>
     <span class='ocr_line' id='line_1_19' title="bbox 60 2563 1120 2673; baseline 0.005 -32"><span class='ocrx_word' id='word_1_113' title='bbox 60 2563 146 2643; x_wconf 85' lang='lat' dir='ltr'><strong>baud</strong></span> <span class='ocrx_word' id='word_1_114' title='bbox 159 2564 426 2672; x_wconf 84' lang='lat' dir='ltr'><strong>respondeant.</strong></span> <span class='ocrx_word' id='word_1_115' title='bbox 479 2569 552 2644; x_wconf 84' lang='lat' dir='ltr'><strong>Hic</strong></span> <span class='ocrx_word' id='word_1_116' title='bbox 574 2584 698 2646; x_wconf 84' lang='lat' dir='ltr'><strong>autem</strong></span> <span class='ocrx_word' id='word_1_117' title='bbox 720 2572 800 2646; x_wconf 91' lang='lat' dir='ltr'><strong>sola</strong></span> <span class='ocrx_word' id='word_1_118' title='bbox 815 2571 1050 2673; x_wconf 83' lang='lat' dir='ltr'><strong>genemiiosa</strong></span> <span class='ocrx_word' id='word_1_119' title='bbox 1064 2572 1120 2646; x_wconf 86' lang='lat' dir='ltr'><strong>dc&#39;</strong></span> 
     </span>
     <span class='ocr_line' id='line_1_20' title="bbox 57 2687 1113 2800; baseline 0.006 -41"><span class='ocrx_word' id='word_1_120' title='bbox 57 2687 309 2792; x_wconf 74' lang='lat' dir='ltr'><strong>crispantibus</strong></span> <span class='ocrx_word' id='word_1_121' title='bbox 331 2689 559 2765; x_wconf 77' lang='lat' dir='ltr'><strong>accensenda</strong></span> <span class='ocrx_word' id='word_1_122' title='bbox 576 2706 679 2765; x_wconf 87' lang='lat' dir='ltr'><strong>sunt:</strong></span> <span class='ocrx_word' id='word_1_123' title='bbox 705 2733 758 2748; x_wconf 90' lang='lat'><strong>-·-</strong></span> <span class='ocrx_word' id='word_1_124' title='bbox 785 2695 1007 2800; x_wconf 78' lang='lat' dir='ltr'><strong>Clypeasre</strong></span> <span class='ocrx_word' id='word_1_125' title='bbox 1024 2717 1113 2767; x_wconf 83' lang='lat' dir='ltr'><strong>vera</strong></span> 
     </span>
     <span class='ocr_line' id='line_1_21' title="bbox 57 2805 1114 2914; baseline 0.006 -36"><span class='ocrx_word' id='word_1_126' title='bbox 57 2805 142 2882; x_wconf 89' lang='lat' dir='ltr'><strong>nihil</strong></span> <span class='ocrx_word' id='word_1_127' title='bbox 154 2809 260 2885; x_wconf 82' lang='lat' dir='ltr'><strong>aliud</strong></span> <span class='ocrx_word' id='word_1_128' title='bbox 275 2824 333 2884; x_wconf 82' lang='lat' dir='ltr'><strong>est</strong></span> <span class='ocrx_word' id='word_1_129' title='bbox 347 2833 460 2911; x_wconf 86' lang='lat' dir='ltr'><strong>quam</strong></span> <span class='ocrx_word' id='word_1_130' title='bbox 479 2834 566 2910; x_wconf 83' lang='lat' dir='ltr'><strong>pars</strong></span> <span class='ocrx_word' id='word_1_131' title='bbox 588 2809 747 2885; x_wconf 73' lang='lat' dir='ltr'><strong>inferior</strong></span> <span class='ocrx_word' id='word_1_132' title='bbox 764 2809 895 2901; x_wconf 73' lang='lat' dir='ltr'><strong>faciei,</strong></span> <span class='ocrx_word' id='word_1_133' title='bbox 923 2811 1114 2914; x_wconf 84' lang='lat' dir='ltr'><strong>ejusdem-</strong></span> 
     </span>
     <span class='ocr_line' id='line_1_22' title="bbox 54 2927 1111 3033; baseline 0.006 -35"><span class='ocrx_word' id='word_1_134' title='bbox 54 2952 121 3026; x_wconf 83' lang='lat' dir='ltr'><strong>que</strong></span> <span class='ocrx_word' id='word_1_135' title='bbox 150 2955 237 3003; x_wconf 90' lang='lat' dir='ltr'><strong>cum</strong></span> <span class='ocrx_word' id='word_1_136' title='bbox 272 2927 373 3005; x_wconf 78' lang='lat' dir='ltr'><strong>facie</strong></span> <span class='ocrx_word' id='word_1_137' title='bbox 403 2927 634 3005; x_wconf 87' lang='lat' dir='ltr'><strong>substantiae</strong></span> <span class='ocrx_word' id='word_1_138' title='bbox 665 2955 842 3020; x_wconf 84' lang='lat' dir='ltr'><strong>corneae,</strong></span> <span class='ocrx_word' id='word_1_139' title='bbox 883 2932 1111 3033; x_wconf 84' lang='lat' dir='ltr'><strong>pierumque</strong></span> 
     </span>
     <span class='ocr_line' id='line_1_23' title="bbox 52 3044 1114 3144; baseline 0.002 -24"><span class='ocrx_word' id='word_1_140' title='bbox 52 3044 214 3144; x_wconf 78' lang='lat' dir='ltr'><strong>ejusdem</strong></span> <span class='ocrx_word' id='word_1_141' title='bbox 228 3048 384 3126; x_wconf 83' lang='lat' dir='ltr'><strong>eoloris.</strong></span> <span class='ocrx_word' id='word_1_142' title='bbox 419 3052 555 3126; x_wconf 82' lang='lat' dir='ltr'><strong>Sutura</strong></span> <span class='ocrx_word' id='word_1_143' title='bbox 567 3049 809 3127; x_wconf 83' lang='lat' dir='ltr'><strong>tmnsversali</strong></span> <span class='ocrx_word' id='word_1_144' title='bbox 825 3075 845 3123; x_wconf 85' lang='lat' dir='ltr'><strong>a</strong></span> <span class='ocrx_word' id='word_1_145' title='bbox 859 3048 958 3125; x_wconf 82' lang='lat' dir='ltr'><strong>facie</strong></span> <span class='ocrx_word' id='word_1_146' title='bbox 971 3049 1114 3124; x_wconf 78' lang='lat' dir='ltr'><strong>discre-</strong></span> 
     </span>
     <span class='ocr_line' id='line_1_24' title="bbox 51 3166 1123 3272; baseline 0.001 -33"><span class='ocrx_word' id='word_1_147' title='bbox 51 3179 109 3239; x_wconf 79' lang='lat' dir='ltr'><strong>tus</strong></span> <span class='ocrx_word' id='word_1_148' title='bbox 134 3195 214 3245; x_wconf 79' lang='lat' dir='ltr'><strong>esse</strong></span> <span class='ocrx_word' id='word_1_149' title='bbox 244 3169 363 3259; x_wconf 86' lang='lat' dir='ltr'><strong>solet,</strong></span> <span class='ocrx_word' id='word_1_150' title='bbox 390 3169 580 3246; x_wconf 86' lang='lat' dir='ltr'><strong>interdum</strong></span> <span class='ocrx_word' id='word_1_151' title='bbox 605 3193 699 3244; x_wconf 80' lang='lat' dir='ltr'><strong>vero</strong></span> <span class='ocrx_word' id='word_1_152' title='bbox 723 3168 854 3256; x_wconf 86' lang='lat' dir='ltr'><strong>ctiam,</strong></span> <span class='ocrx_word' id='word_1_153' title='bbox 882 3166 954 3242; x_wconf 89' lang='lat' dir='ltr'><strong>bac</strong></span> <span class='ocrx_word' id='word_1_154' title='bbox 982 3169 1123 3272; x_wconf 80' lang='lat' dir='ltr'><strong>sutura</strong></span> 
     </span>
     <span class='ocr_line' id='line_1_25' title="bbox 51 3284 1114 3392; baseline 0.006 -34"><span class='ocrx_word' id='word_1_155' title='bbox 51 3285 216 3365; x_wconf 85' lang='lat' dir='ltr'><strong>obsoleta</strong></span> <span class='ocrx_word' id='word_1_156' title='bbox 238 3302 308 3363; x_wconf 89' lang='lat' dir='ltr'><strong>aut</strong></span> <span class='ocrx_word' id='word_1_157' title='bbox 332 3287 445 3392; x_wconf 75' lang='lat' dir='ltr'><strong>pisam</strong></span> <span class='ocrx_word' id='word_1_158' title='bbox 470 3287 696 3376; x_wconf 80' lang='lat' dir='ltr'><strong>deficiente,</strong></span> <span class='ocrx_word' id='word_1_159' title='bbox 717 3285 876 3361; x_wconf 91' lang='lat' dir='ltr'><strong>omnino</strong></span> <span class='ocrx_word' id='word_1_160' title='bbox 903 3297 989 3361; x_wconf 89' lang='lat' dir='ltr'><strong>oum</strong></span> <span class='ocrx_word' id='word_1_161' title='bbox 1015 3284 1114 3364; x_wconf 79' lang='lat' dir='ltr'><strong>facie</strong></span> 
     </span>
     <span class='ocr_line' id='line_1_26' title="bbox 51 3404 1115 3510; baseline 0.005 -32"><span class='ocrx_word' id='word_1_162' title='bbox 51 3425 244 3483; x_wconf 89' lang='lat' dir='ltr'><strong>concretus</strong></span> <span class='ocrx_word' id='word_1_163' title='bbox 260 3424 337 3497; x_wconf 80' lang='lat' dir='ltr'><strong>est3</strong></span> <span class='ocrx_word' id='word_1_164' title='bbox 364 3409 591 3510; x_wconf 83' lang='lat' dir='ltr'><strong>pierumque</strong></span> <span class='ocrx_word' id='word_1_165' title='bbox 605 3404 885 3498; x_wconf 82' lang='lat' dir='ltr'><strong>transversalis,</strong></span> <span class='ocrx_word' id='word_1_166' title='bbox 912 3406 1115 3485; x_wconf 58' lang='lat' dir='ltr'><strong>rarius&#39;or-</strong></span> 
     </span>
     <span class='ocr_line' id='line_1_27' title="bbox 48 3521 1113 3630; baseline 0.006 -30"><span class='ocrx_word' id='word_1_167' title='bbox 48 3521 234 3602; x_wconf 85' lang='lat' dir='ltr'><strong>bicnlatus</strong></span> <span class='ocrx_word' id='word_1_168' title='bbox 253 3543 322 3603; x_wconf 89' lang='lat' dir='ltr'><strong>aut</strong></span> <span class='ocrx_word' id='word_1_169' title='bbox 347 3526 650 3603; x_wconf 79' lang='lat' dir='ltr'><strong>tuborbiculatus</strong></span> <span class='ocrx_word' id='word_1_170' title='bbox 674 3543 748 3620; x_wconf 86' lang='lat' dir='ltr'><strong>est,</strong></span> <span class='ocrx_word' id='word_1_171' title='bbox 776 3527 943 3630; x_wconf 80' lang='lat' dir='ltr'><strong>margine</strong></span> <span class='ocrx_word' id='word_1_172' title='bbox 963 3527 1113 3628; x_wconf 90' lang='lat' dir='ltr'><strong>postico</strong></span> 
     </span>
     <span class='ocr_line' id='line_1_28' title="bbox 49 3645 1123 3737; baseline 0.007 -20"><span class='ocrx_word' id='word_1_173' title='bbox 49 3649 225 3722; x_wconf 86' lang='lat' dir='ltr'><strong>etantico</strong></span> <span class='ocrx_word' id='word_1_174' title='bbox 237 3648 460 3737; x_wconf 86' lang='lat' dir='ltr'><strong>rotundato,</strong></span> <span class='ocrx_word' id='word_1_175' title='bbox 489 3647 610 3724; x_wconf 78' lang='lat' dir='ltr'><strong>sarius</strong></span> <span class='ocrx_word' id='word_1_176' title='bbox 630 3663 754 3737; x_wconf 85' lang='lat' dir='ltr'><strong>recto,</strong></span> <span class='ocrx_word' id='word_1_177' title='bbox 783 3648 909 3722; x_wconf 83' lang='lat' dir='ltr'><strong>antico</strong></span> <span class='ocrx_word' id='word_1_178' title='bbox 924 3645 1123 3724; x_wconf 73' lang='lat' dir='ltr'><strong>intentum</strong></span> 
     </span>
     <span class='ocr_line' id='line_1_29' title="bbox 51 3763 1115 3865; baseline 0.008 -29"><span class='ocrx_word' id='word_1_179' title='bbox 51 3765 288 3865; x_wconf 72' lang='lat' dir='ltr'><strong>emarginato.</strong></span> <span class='ocrx_word' id='word_1_180' title='bbox 323 3777 378 3826; x_wconf 84' lang='lat'><strong>-&#39;-</strong></span> <span class='ocrx_word' id='word_1_181' title='bbox 409 3763 581 3844; x_wconf 81' lang='lat' dir='ltr'><strong>Lobrum</strong></span> <span class='ocrx_word' id='word_1_182' title='bbox 610 3767 801 3843; x_wconf 87' lang='lat' dir='ltr'><strong>rarissime</strong></span> <span class='ocrx_word' id='word_1_183' title='bbox 829 3781 955 3843; x_wconf 91' lang='lat' dir='ltr'><strong>totum</strong></span> <span class='ocrx_word' id='word_1_184' title='bbox 988 3785 1115 3844; x_wconf 76' lang='lat' dir='ltr'><strong>etser-</strong></span> 
     </span>
     <span class='ocr_line' id='line_1_30' title="bbox 49 3884 1116 3991; baseline 0.007 -37"><span class='ocrx_word' id='word_1_185' title='bbox 49 3895 134 3956; x_wconf 81' lang='lat' dir='ltr'><strong>tum</strong></span> <span class='ocrx_word' id='word_1_186' title='bbox 150 3901 223 3973; x_wconf 86' lang='lat' dir='ltr'><strong>est,</strong></span> <span class='ocrx_word' id='word_1_187' title='bbox 251 3885 477 3989; x_wconf 88' lang='lat' dir='ltr'><strong>plerumque</strong></span> <span class='ocrx_word' id='word_1_188' title='bbox 493 3887 692 3964; x_wconf 76' lang='lat' dir='ltr'><strong>maximam</strong></span> <span class='ocrx_word' id='word_1_189' title='bbox 715 3901 862 3991; x_wconf 85' lang='lat' dir='ltr'><strong>partem</strong></span> <span class='ocrx_word' id='word_1_190' title='bbox 884 3884 954 3963; x_wconf 92' lang='lat' dir='ltr'><strong>sub</strong></span> <span class='ocrx_word' id='word_1_191' title='bbox 976 3885 1116 3989; x_wconf 84' lang='lat' dir='ltr'><strong>clypeo</strong></span> 
     </span>
     <span class='ocr_line' id='line_1_31' title="bbox 50 3999 1127 4094; baseline 0.006 -18"><span class='ocrx_word' id='word_1_192' title='bbox 50 3999 325 4093; x_wconf 84' lang='lat' dir='ltr'><strong>absconditum,</strong></span> <span class='ocrx_word' id='word_1_193' title='bbox 353 4006 542 4082; x_wconf 84' lang='lat' dir='ltr'><strong>interdum</strong></span> <span class='ocrx_word' id='word_1_194' title='bbox 571 4009 727 4083; x_wconf 89' lang='lat' dir='ltr'><strong>omnino</strong></span> <span class='ocrx_word' id='word_1_195' title='bbox 748 4021 971 4094; x_wconf 70' lang='lat' dir='ltr'><strong>retractum</strong></span> <span class='ocrx_word' id='word_1_196' title='bbox 997 4027 1127 4082; x_wconf 61' lang='lat' dir='ltr'><strong>meme</strong></span> 
     </span>
     <span class='ocr_line' id='line_1_32' title="bbox 51 4117 1118 4220; baseline 0.007 -24"><span class='ocrx_word' id='word_1_197' title='bbox 51 4117 522 4214; x_wconf 63' lang='lat' dir='ltr'><strong>summasunmna</strong></span> <span class='ocrx_word' id='word_1_198' title='bbox 550 4127 782 4220; x_wconf 74' lang='lat' dir='ltr'><strong>comessum,</strong></span> <span class='ocrx_word' id='word_1_199' title='bbox 816 4123 1006 4207; x_wconf 69' lang='lat' dir='ltr'><strong>uerissime</strong></span> <span class='ocrx_word' id='word_1_200' title='bbox 1033 4151 1118 4204; x_wconf 85' lang='lat' dir='ltr'><strong>cor·</strong></span> 
     </span>
    </p>
   </div>
   <div class='ocr_carea' id='block_1_3' title="bbox 0 0 1368 4810">
    <p class='ocr_par' dir='ltr' id='par_1_3' title="bbox 0 0 1368 4810">
     <span class='ocr_line' id='line_1_33' title="bbox 0 0 1368 4810; baseline 0 0"><span class='ocrx_word' id='word_1_201' title='bbox 0 0 1368 4810; x_wconf 95' lang='lat' dir='ltr'><strong> </strong></span> 
     </span>
    </p>
   </div>
  </div>
 </body>
</html>
