2686 4814
203 396 278 465 390
603 403 870 456 {CHNEURION

275 566 469 674 Quaedam
487 564 780 669 individuacepi
794 564 1165 672 propeGottr'ngom‚
1178 569 1266 644 loro

200 685 568 793 ,apricogrnmiuoso
589 686 809 776 volitantes,
836 688 1027 767 mensibus
1041 691 1208 823 Augusto
1228 703 1267 764 et

209 807 439 909 Septembri·
466 805 659 895 nonnulla,
683 807 931 908 Trojectiod
943 811 1142 896 Moenum,
1167 808 1267 882 eirca

206 929 351 1028 Netley
377 941 416 1004 ct
445 923 484 1000 iu
509 923 644 1012 Gallia
671 941 799 1027 capta,
828 926 876 1008 de
901 926 1066 1033 Heyden
1091 927 1204 1032 Hope
1230 943 1269 1004 et

208 1047 446 1145 Brongniart
471 1043 772 1125 transmiserunt.

604 1346 883 1454 synonyma:

208 1516 316 1595 chn.
331 1521 541 1594 occisorius
554 1515 664 1590 Febr.
681 1517 766 1594 Em.
782 1542 819 1618 p.
839 1522 922 1608 142,
951 1545 985 1592 ιι.
1002 1527 1062 1597 57.
1090 1561 1143 1576 -
1169 1519 1269 1596 Pica.

411 1651 452 1736 p:
468 1641 534 1722 61,
563 1663 598 1710 n.
617 1641 685 1724 343
712 1634 859 1710 habitat
875 1633 993 1713 Halae
1013 1637 1213 1714 Saxonum.

261 1811 284 1846 „
339 1751 530 1829 Gravenb.
547 1753 671 1830 Addit.
691 1783 725 1828 n.
742 1763 778 1833 2.

260 1930 283 1963 ,,
336 1874 516 1974 Treutep.
534 1873 573 1947 in
589 1873 690 1948 Iside
710 1881 824 1961 1826,
853 1855 889 1976 p.
904 1883 997 1962 222,
1026 1901 1061 1949 n.
1080 1883 1140 1988 ⁵9?

209 1992 318 2072 Ichn.
340 2000 645 2106 marginotorius
661 1995 805 2068 Panzer
817 1992 934 2070 naun.
950 1990 1040 2076 fasc.
1058 2001 1127 2082 75,
1153 2017 1191 2068 n.
1211 1998 1272 2073 14.

465 2298 599 2374 Nota:

216 2536 220 2551 ,
288 2467 372 2545 Huc
393 2481 519 2542 autem
546 2467 649 2544 haud
678 2482 823 2571 spectat
841 2467 949 2550 lelna
970 2471 1277 2565 marginarortus

212 2584 342 2674 Febr..
376 2586 548 2686 antennis
576 2588 676 2664 enim
701 2590 840 2691 gaudet
867 2589 998 2664 subtus
1025 2585 1148 2675 flavis,
1182 2588 1276 2688 stig-

212 2721 312 2782 mate
329 2705 471 2780 alarum
485 2708 602 2809 nigro,
619 2722 690 2784 etc.
709 2709 914 2809 potiusque
927 2708 973 2782 ad
987 2722 1155 2781 nostrum
1171 2712 1277 2809 Try·

213 2826 373 2926 pisonem
391 2835 710 2925 marginutorium
730 2827 954 2929 redigendus
968 2843 1036 2902 est.
1070 2825 1148 2902 Nec
1161 2827 1274 2904 chn.

216 2954 520 3046 morginotorius
539 2948 661 3020 Rossii
690 2963 729 3020 et
757 2947 918 3022 Olivieri
946 2947 1076 3021 eadem
1102 2960 1161 3020 est
1189 2971 1276 3048 spe·

213 3067 310 3148 ciest
339 3093 423 3142 nam
450 3065 649 3144 abdomine
672 3065 864 3141 subsessili
886 3081 958 3141 etc.
982 3065 1112 3143 differt
1131 3079 1187 3155 et,
1217 3091 1274 3142 se-

213 3187 376 3262 cundum
403 3185 594 3276 Rossium,
628 3186 880 3266 Ichneumoni
907 3189 1132 3264 litteratorio
1159 3185 1271 3260 Linn.

213 3305 336 3382 affinis
357 3320 425 3380 est.

201 3495 208 3504 .
289 3423 542 3513 Haesimbam
570 3423 680 3500 chn.
706 3430 934 3502 occr'sorr‘um
962 3422 1071 3500 Febr.
1102 3421 1148 3496 ad
1176 3421 1274 3500 hauc

215 3542 378 3643 speciem
412 3543 608 3632 adhibere,
643 3570 728 3618 cum
758 3559 906 3632 auctor,
942 3543 981 3618 in
1006 3541 1274 3646 descriptione,

213 3660 398 3738 semorum
438 3663 628 3764 nigrorum
669 3663 813 3738 nullam
852 3660 987 3738 iecerit
1024 3662 1274 3748 mentionem

214 3781 379 3858 Germor
393 3797 517 3857 autem
533 3785 631 3859 idem
653 3782 905 3870 individuum,
935 3781 996 3858 cui
1017 3780 1213 3858 Fabricius
1235 3782 1274 3856 in

213 3925 344 3978 museo
364 3901 531 3978 Httbneri
563 3927 700 3981 nomen
718 3909 897 3982 occiserit
915 3901 997 4004 ipse
1019 3901 1272 4004 insumpserat,

212 4047 360 4097 mecum
387 4022 696 4112 communicavit,
731 4046 808 4124 quo
830 4022 878 4098 de
904 4021 1103 4098 identitate
1132 4019 1272 4126 speciei

212 4142 352 4218 certior
372 4141 493 4214 suctus
515 4167 608 4215 sum.
