2704 4806
1068 405 1136 458 tm

1 591 3 604 '
79 587 235 652 merae
258 565 507 660 examinatis,
532 565 618 646 aolo
635 565 769 646 habito
788 565 953 672 quodam
973 567 1137 650 naturali

71 728 219 788 externo
248 719 491 810 congruente
513 705 727 810 apecierum
747 705 873 817 ducti,
903 705 984 786 illia
1000 733 1138 786 nonan·

69 851 161 926 nime
172 845 398 952 perieulum
412 843 567 922 fuciunt
608 843 728 920 Nullo
742 843 855 922 modo
866 861 993 923 autem
1010 862 1138 949 parte·

70 986 137 1062 oris
154 984 323 1062 omnino
343 979 514 1084 neglexi,
540 981 606 1058 aed
625 982 764 1074 omnia,
791 1009 889 1086 quae
908 981 958 1062 de
971 983 1026 1061 eia
1041 981 1138 1062 mihi

71 1123 337 1208 innotuerunt,
377 1117 594 1222 apeciebua,
634 1119 675 1197 in
708 1120 845 1224 quibua
879 1137 1139 1224 perscrutatae

71 1277 156 1351 sunt,
185 1255 392 1360 subjunxi.
447 1255 618 1332 Subaid'n
635 1257 798 1360 plurima
813 1259 852 1334 in
867 1257 937 1336 hac
954 1287 1006 1346 re,
1034 1257 1138 1362 quod

73 1399 185 1476 animo
216 1395 292 1500 pio
319 1407 360 1470 et
386 1392 602 1494 gratissimo
628 1397 852 1500 pronuntio,
886 1396 1138 1474 amicissimua

69 1539 158 1615 Nees
175 1533 230 1612 ab
253 1527 455 1612 Esentoet
475 1529 568 1606 mihi
585 1533 790 1632 praestitit,
824 1533 969 1637 quippe
990 1533 1056 1636 qui
1080 1533 1140 1610 in·

70 1687 277 1750 strumenta
305 1667 448 1744 cibaria
473 1665 515 1744 in
541 1669 741 1770 permultia
763 1671 964 1774 speciebua
985 1695 1141 1746 accura-

71 1807 210 1886 tissime
229 1803 456 1909 disquisivit
476 1820 517 1882 et
529 1805 804 1910 descriptionea
820 1834 948 1884 earum
963 1807 1142 1912 plenissi-

74 1973 142 2021 mna
159 1969 319 2022 meeum
340 1943 648 2022 communicavit.
704 1945 1037 2050 Descriptionibua
1059 1943 1139 2022 illia

76 2081 229 2162 insertae
257 2095 351 2157 aunt
376 2095 503 2156 certae
528 2079 718 2158 formulae
738 2082 951 2158 numerales
971 2083 1142 2182 longitu-

83 2217 172 2296 uinis
182 2217 370 2308 relativae
382 2215 631 2295 articulomm
653 2216 855 2321 palpomm
870 2215 935 2294 hie
953 2215 1142 2324 intemno-

84 2355 220 2434 undae:
257 2349 452 2432 Numerus
476 2381 614 2459 nempe
637 2353 805 2432 anterior
826 2355 1030 2434 articulum
1054 2357 1143 2434 lon·

1 2563 2 2578 ,
74 2495 285 2596 giauhnnm,
321 2491 478 2570 ultimua
502 2492 782 2585 brevissimum,
819 2495 965 2572 numeri
997 2495 1140 2570 lineola

73 2633 227 2738 obliqua
252 2628 439 2732 disjuncti
469 2630 651 2706 articuloa
678 2629 921 2734 longitudine
949 2631 1140 2735 aequolea,

70 2769 251 2858 indicant,
278 2793 311 2844 e.
333 2794 369 2870 g.
383 2767 548 2844 formula
573 2803 602 2858 t,
632 2799 665 2859 ⁴,
697 2765 748 2871 73,
782 2803 795 2844 a
823 2770 1021 2872 significat,
1049 2770 1142 2846 urti-

69 2907 247 2982 culorum
265 2903 430 3008 primum
443 2931 526 2982 eane
540 2903 813 3006 longissimum,
828 2923 1002 3010 quartum
1018 2907 1142 3010 primo

69 3041 299 3132 breviorem,
317 3041 522 3118 secundum
536 3057 576 3118 et
589 3041 742 3118 tertium
758 3043 996 3144 longitudine
1005 3069 1144 3146 nequa·

69 3179 125 3256 lea
145 3179 215 3256 aed
240 3193 378 3282 quarto
409 3177 620 3271 breviores,
655 3177 831 3284 quintum
856 3177 1026 3255 omnium
1055 3177 1144 3256 bre·

69 3317 282 3394 tissimum

146 3452 274 3554 Cujua
296 3447 421 3528 adhuc
435 3452 668 3530 mentionem
684 3451 808 3532 facere
823 3479 885 3532 me
902 3469 1055 3558 opottet
1066 3451 1142 3532 hoc

70 3605 146 3666 est:
173 3591 220 3666 ln
241 3603 352 3694 parte
374 3585 495 3691 primu
515 3603 555 3665 et
577 3591 688 3666 tertia
703 3590 830 3693 operia
845 3590 891 3666 ad
906 3591 1042 3668 multet
1058 3617 1144 3696 spe·

69 3727 148 3804 cies
170 3727 287 3804 etiam
310 3725 464 3826 Angliu,
492 3742 559 3802 aut
580 3727 721 3831 Netley
741 3727 781 3804 in
801 3727 950 3832 Anglin,
979 3727 1143 3804 indicata

70 3879 140 3952 eat,
169 3863 455 3966 nonnullaeque
470 3863 617 3970 species
632 3891 751 3944 nome
766 3893 814 3942 ex
827 3865 960 3968 Anglia
974 3863 1144 3968 descrip-

71 4015 133 4078 tae
160 4017 266 4093 sunt,
303 4027 392 4076 cum
420 3999 459 4076 in
490 4017 598 4106 parte
624 4003 786 4078 secunda
817 4003 987 4108 nuspiam
1009 4001 1142 4104 Anglin

72 4157 317 4218 memoretur.
369 4137 471 4216 Haec
486 4137 790 4218 inconvenientia
807 4166 853 4218 eo
869 4155 950 4216 orte
966 4155 1023 4216 eet
1041 4137 1143 4242 quod
